2824 4668
190 461 258 508 ma.
286 461 325 508 11.
354 461 401 512 na
427 459 563 508 nonnis
588 413 785 527 ruentem,
810 465 1041 536 nrrsrrxxrv.
1071 445 1139 544 337

138 573 210 648 bus
221 629 234 665 a
258 598 424 674 quorum
451 575 859 674 proptereaeadavera
884 582 1142 677 perlustravit,

138 707 273 790 praeter
289 695 359 766 alia
376 693 506 792 polypi
522 693 646 791 signa,
665 694 891 791 inaequalem
906 703 1143 772 intermitten-

140 823 284 908 temque
297 817 528 882 continenter
535 810 692 909 pulsum
709 827 834 882 ortum
855 838 933 886 esse
953 818 1031 912 jam
1050 843 1144 891 non·

137 930 251 1000 nullis
267 943 352 1001 ante
370 928 516 1000 obitum
528 927 720 1002 mensibus
737 929 1041 1026 deprehendisse.
1071 1023 1072 1030 ἵ

196 1071 252 1144 29.
290 1048 478 1137 Quoniam
504 1061 629 1119 autem
664 1047 712 1118 ad
739 1046 1044 1124 confirmandum
1076 1053 1143 1126 diu

138 1179 223 1236 ante
241 1180 402 1238 mortem
421 1163 531 1238 fuisse
548 1165 981 1264 polypos,=dilatationes
996 1169 1144 1267 profer-

139 1283 173 1353 ri
190 1282 313 1356 solent
328 1307 506 1380 cavorurn
523 1284 563 1354 in
584 1282 723 1381 quibus
742 1283 1009 1376 inveniuntur,
1027 1290 1142 1385 quasi

138 1399 208 1470 illae
224 1415 404 1497 tanquam
426 1398 582 1474 effectus
599 1401 759 1500 polypo,
777 1416 819 1472 ut
839 1427 974 1492 causae,
996 1429 1145 1478 succes·

139 1517 286 1608 sisseut;
305 1543 385 1590 nou
401 1517 440 1588 id
452 1523 558 1590 Pasta
577 1515 663 1589 facit
680 1518 785 1614 quod
798 1521 878 1616 ipse
900 1523 939 1590 in
962 1521 1142 1596 Adversa-

137 1635 202 1706 riis
221 1633 543 1732 II(1)feceram‚
566 1634 634 1706 ubi
659 1633 849 1706 contrario
876 1640 987 1708 etiam
1008 1641 1142 1712 ordine

121 1777 216 1850 'rem
235 1777 272 1826 se
290 1751 430 1826 habere
447 1776 558 1851 posse
581 1738 781 1824 ostendi:
773 1777 849 1823 nno
872 1751 970 1826 illis
955 1757 1053 1852 ipsis
1068 1755 1143 1829 his·

79 1935 85 1947 .
136 1872 242 1944 toriis
258 1871 450 1968 exquibus
463 1871 611 1942 elucere
624 1837 790 1942 eredunt
807 1871 885 1958 alii,
907 1871 1143 1946 dilatationes

137 1989 298 2087 polypos
311 2011 390 2061 esse
405 2002 639 2084 consecutas,
655 2013 734 2060 non
755 1989 842 2060 satis
857 1989 1044 2120 polypos
1034 2017 1074 2062 tn
1089 1993 1144 2062 vi·

135 2106 313 2177 ventibus
330 2105 485 2204 probari
504 2086 740 2204 patefacit(2
753 2106 785 2204 ),
811 2130 900 2204 quia
912 2107 1043 2206 polypi
1063 2133 1143 2180 non
1216 2141 1224 2152 ·

139 2223 257 2294 modo
270 2238 396 2311 antea,
418 2223 483 2296 sed
500 2249 548 2296 ne
560 2239 691 2322 postea
710 2219 865 2322 quidem
886 2225 987 2296 iniis
1012 2251 1144 2324 corpo·

140 2339 246 2412 ribus
262 2339 421 2441 fuerint,
449 2365 602 2416 necesse
621 2357 695 2431 est,
713 2342 778 2414 sed
794 2357 883 2440 post
897 2357 1058 2416 mortem
1077 2343 1144 2416 de-

103 2508 104 2511 =
137 2459 257 2558 nique
277 2459 380 2557 gigni
404 2441 629 2558 potuerunt3
644 2483 733 2530 narn
751 2459 1038 2552 etdilatationes
1060 2461 1143 2556 sine

137 2575 286 2676 polypis
301 2600 560 2674 saepenumero
577 2577 757 2663 inveniri,
777 2590 814 2666 et
824 2577 1059 2675 polyporum
1071 2580 1143 2677 sig·

136 2719 207 2783 na,
227 2719 309 2792 quae
328 2695 428 2787 iniis
442 2692 591 2766 fuerant
605 2694 645 2764 in
665 2692 804 2791 quibus
823 2697 1076 2796 reperiuntur
1092 2696 1144 2766 di·

136 2813 353 2901 latationes,
371 2812 508 2884 harum
527 2812 707 2884 duntaxat
730 2814 834 2910 signa
859 2835 938 2884 esse
954 2815 1143 2910 potuisse,

136 2932 294 3030 planum
311 2931 406 3004 facit.
428 2935 511 3024 Qua
529 2945 605 3002 una
621 2956 666 3002 ex
680 2956 721 3002 re
735 2930 829 3000 milri
844 2929 998 3026 quidem
1010 2930 1143 3002 viden-

135 3066 200 3124 tur
222 3049 346 3148 plura,
371 3050 437 3122 sed
461 3049 538 3120 duo
563 3047 800 3146 potissimum
825 3048 1017 3142 consequi.
1044 3047 1144 3120 Illud

137 3169 325 3268 primum,
339 3169 407 3266 qui
419 3166 551 3267 polypi
564 3163 774 3263 diagnosim
795 3189 840 3236 ex
849 3165 894 3236 iis
908 3162 1020 3234 nobis
1034 3190 1144 3238 cons·

134 3287 343 3374 tituerunt‚
362 3309 444 3382 quae
458 3287 497 3356 in
514 3285 621 3384 aegris
638 3281 929 3354 observaverant
946 3282 985 3352 in
1002 3281 1144 3380 quibus

136 3404 248 3476 simul
279 3403 515 3474 dilatationes
541 3416 578 3474 et
603 3399 734 3498 polypi
758 3401 899 3496 reperti
929 3415 1037 3490 sunt,
1063 3427 1143 3474 non

136 3523 224 3594 satis
241 3533 348 3590 caute
363 3543 401 3590 se
416 3521 578 3616 gessisse.
597 3520 655 3608 Sic
669 3572 679 3607 ‚
694 3543 741 3590 ne
760 3543 780 3588 a
799 3517 1036 3615 Sepulchreti
1052 3543 1144 3614 pro·

100 3719 104 3730 ι
134 3639 256 3738 posita
274 3641 325 3708 IX
341 3637 507 3708 sectione
522 3637 717 3726 recedam,
738 3637 865 3734 siquis
883 3633 1056 3734 praefixos
1074 3634 1143 3710 ob·
1179 3639 1194 3665 ¹

173 3924 218 4002 (ι)
239 3924 378 3980 Animad.
396 3929 433 3989 lo
443 3931 472 3978 et
486 3929 533 3990 [μ.

175 4023 221 4102 (a)
241 4026 280 4082 N.
299 4021 333 4096 5,
353 4043 368 4096 7
385 4034 414 4080 et
429 4041 482 4100 seq
494 4033 524 4082 et
539 4017 585 4078 15.

209 4123 242 4196 3.
