<?xml version="1.0" encoding="UTF-8"?>
<!DOCTYPE html PUBLIC "-//W3C//DTD XHTML 1.0 Transitional//EN"
    "http://www.w3.org/TR/xhtml1/DTD/xhtml1-transitional.dtd">
<html xmlns="http://www.w3.org/1999/xhtml" xml:lang="en" lang="en">
 <head>
  <title>
</title>
<meta http-equiv="Content-Type" content="text/html;charset=utf-8" />
  <meta name='ocr-system' content='tesseract 3.04.00' />
  <meta name='ocr-capabilities' content='ocr_page ocr_carea ocr_par ocr_line ocrx_word'/>
</head>
<body>
  <div class='ocr_page' id='page_1' title='image "./desedibusetcaus01adelgoog_0416.png"; bbox 0 0 2816 4668; ppageno 0'>
   <div class='ocr_carea' id='block_1_1' title="bbox 177 406 1127 492">
    <p class='ocr_par' dir='ltr' id='par_1_1' title="bbox 177 406 1127 492">
     <span class='ocr_line' id='line_1_1' title="bbox 177 406 1127 492; baseline 0.017 -29"><span class='ocrx_word' id='word_1_1' title='bbox 177 419 245 464; x_wconf 84' lang='lat' dir='ltr'><strong>ma.</strong></span> <span class='ocrx_word' id='word_1_2' title='bbox 273 419 313 467; x_wconf 53' lang='grc' dir='ltr'><strong>ιι.Υ</strong></span> <span class='ocrx_word' id='word_1_3' title='bbox 341 419 387 466; x_wconf 79' lang='lat' dir='ltr'><strong>aa</strong></span> <span class='ocrx_word' id='word_1_4' title='bbox 414 417 909 487; x_wconf 76' lang='lat' dir='ltr'><strong>monmsanonac1s,m1sa.</strong></span> <span class='ocrx_word' id='word_1_5' title='bbox 936 427 1032 474; x_wconf 71' lang='lat' dir='ltr'><strong>xxva</strong></span> <span class='ocrx_word' id='word_1_6' title='bbox 1060 406 1127 492; x_wconf 75' lang='lat'><strong>431</strong></span> 
     </span>
    </p>
   </div>
   <div class='ocr_carea' id='block_1_2' title="bbox 92 551 1142 3713">
    <p class='ocr_par' dir='ltr' id='par_1_2' title="bbox 128 551 1137 1216">
     <span class='ocr_line' id='line_1_2' title="bbox 128 551 1133 651; baseline 0.016 -29"><span class='ocrx_word' id='word_1_7' title='bbox 128 551 285 622; x_wconf 86' lang='lat' dir='ltr'><strong>modum</strong></span> <span class='ocrx_word' id='word_1_8' title='bbox 295 552 440 651; x_wconf 48' lang='lat' dir='ltr'><strong>aliana)</strong></span> <span class='ocrx_word' id='word_1_9' title='bbox 453 553 492 624; x_wconf 91' lang='lat' dir='ltr'><strong>in</strong></span> <span class='ocrx_word' id='word_1_10' title='bbox 499 553 655 626; x_wconf 86' lang='lat' dir='ltr'><strong>muliere</strong></span> <span class='ocrx_word' id='word_1_11' title='bbox 669 581 715 626; x_wconf 84' lang='lat' dir='ltr'><strong>ex</strong></span> <span class='ocrx_word' id='word_1_12' title='bbox 728 573 857 629; x_wconf 86' lang='lat' dir='ltr'><strong>nostra</strong></span> <span class='ocrx_word' id='word_1_13' title='bbox 869 555 1133 638; x_wconf 85' lang='lat' dir='ltr'><strong>observatione</strong></span> 
     </span>
     <span class='ocr_line' id='line_1_3' title="bbox 128 669 1135 769; baseline 0.014 -28"><span class='ocrx_word' id='word_1_14' title='bbox 128 669 758 769; x_wconf 83' lang='lat' dir='ltr'><strong>tibidescripsimus,inviroautem</strong></span> <span class='ocrx_word' id='word_1_15' title='bbox 770 676 1135 756; x_wconf 83' lang='lat' dir='ltr'><strong>nuncdescribemus</strong></span> 
     </span>
     <span class='ocr_line' id='line_1_4' title="bbox 130 788 1136 888; baseline 0.01 -28"><span class='ocrx_word' id='word_1_16' title='bbox 130 813 176 860; x_wconf 80' lang='lat' dir='ltr'><strong>ex</strong></span> <span class='ocrx_word' id='word_1_17' title='bbox 201 788 338 862; x_wconf 87' lang='lat' dir='ltr'><strong>observ</strong></span> <span class='ocrx_word' id='word_1_18' title='bbox 364 792 468 862; x_wconf 84' lang='lat' dir='ltr'><strong>tione</strong></span> <span class='ocrx_word' id='word_1_19' title='bbox 491 815 605 888; x_wconf 87' lang='lat' dir='ltr'><strong>quam</strong></span> <span class='ocrx_word' id='word_1_20' title='bbox 624 807 792 864; x_wconf 85' lang='lat' dir='ltr'><strong>extremo</strong></span> <span class='ocrx_word' id='word_1_21' title='bbox 821 799 1022 870; x_wconf 87' lang='lat' dir='ltr'>novembri</span> <span class='ocrx_word' id='word_1_22' title='bbox 1044 803 1136 872; x_wconf 87' lang='lat' dir='ltr'><strong>anni</strong></span> 
     </span>
     <span class='ocr_line' id='line_1_5' title="bbox 134 905 1136 1006; baseline 0.013 -28"><span class='ocrx_word' id='word_1_23' title='bbox 134 905 312 1006; x_wconf 56' lang='lat' dir='ltr'><strong>170³}‚ab</strong></span> <span class='ocrx_word' id='word_1_24' title='bbox 340 931 378 980; x_wconf 87' lang='lat' dir='ltr'><strong>se</strong></span> <span class='ocrx_word' id='word_1_25' title='bbox 400 907 589 998; x_wconf 81' lang='lat' dir='ltr'><strong>habitam,</strong></span> <span class='ocrx_word' id='word_1_26' title='bbox 619 909 819 993; x_wconf 80' lang='lat' dir='ltr'><strong>nobiseum</strong></span> <span class='ocrx_word' id='word_1_27' title='bbox 845 917 1020 988; x_wconf 82' lang='lat' dir='ltr'><strong>Venetias</strong></span> <span class='ocrx_word' id='word_1_28' title='bbox 1043 933 1136 990; x_wconf 86' lang='lat' dir='ltr'><strong>tune</strong></span> 
     </span>
     <span class='ocr_line' id='line_1_6' title="bbox 128 1023 1137 1132; baseline 0.011 -35"><span class='ocrx_word' id='word_1_29' title='bbox 128 1023 582 1124; x_wconf 76' lang='lat' dir='ltr'><strong>redeuntibus-,postridie</strong></span> <span class='ocrx_word' id='word_1_30' title='bbox 600 1030 892 1103; x_wconf 86' lang='lat' dir='ltr'><strong>communicavit</strong></span> <span class='ocrx_word' id='word_1_31' title='bbox 900 1032 1137 1132; x_wconf 68' lang='lat' dir='ltr'><strong>diligentissb</strong></span> 
     </span>
     <span class='ocr_line' id='line_1_7' title="bbox 130 1146 490 1216; baseline 0 -2"><span class='ocrx_word' id='word_1_32' title='bbox 130 1167 216 1215; x_wconf 91' lang='lat' dir='ltr'><strong>mus</strong></span> <span class='ocrx_word' id='word_1_33' title='bbox 235 1146 490 1216; x_wconf 79' lang='lat' dir='ltr'><strong>Sanctor&#39;mus.</strong></span> 
     </span>
    </p>

    <p class='ocr_par' dir='ltr' id='par_1_3' title="bbox 92 1251 1142 3713">
     <span class='ocr_line' id='line_1_8' title="bbox 185 1251 1136 1351; baseline 0.012 -19"><span class='ocrx_word' id='word_1_34' title='bbox 185 1287 237 1332; x_wconf 40' lang='lat'><strong>111.</strong></span> <span class='ocrx_word' id='word_1_35' title='bbox 265 1263 417 1334; x_wconf 85' lang='lat' dir='ltr'><strong>Juvenis</strong></span> <span class='ocrx_word' id='word_1_36' title='bbox 448 1251 656 1351; x_wconf 70' lang='lat' dir='ltr'><strong>hobustus‚</strong></span> <span class='ocrx_word' id='word_1_37' title='bbox 688 1265 729 1333; x_wconf 92' lang='lat' dir='ltr'><strong>in</strong></span> <span class='ocrx_word' id='word_1_38' title='bbox 760 1267 994 1340; x_wconf 82' lang='lat' dir='ltr'><strong>triremibus·</strong></span> <span class='ocrx_word' id='word_1_39' title='bbox 1012 1271 1136 1343; x_wconf 83' lang='lat' dir='ltr'><strong>vivere</strong></span> 
     </span>
     <span class='ocr_line' id='line_1_9' title="bbox 128 1375 1139 1480; baseline 0.007 -28"><span class='ocrx_word' id='word_1_40' title='bbox 128 1395 299 1454; x_wconf 86' lang='lat' dir='ltr'><strong>assuetus</strong></span> <span class='ocrx_word' id='word_1_41' title='bbox 313 1434 322 1468; x_wconf 91' lang='lat'><strong>,</strong></span> <span class='ocrx_word' id='word_1_42' title='bbox 336 1375 528 1450; x_wconf 77' lang='lat' dir='ltr'><strong>affectioni</strong></span> <span class='ocrx_word' id='word_1_43' title='bbox 543 1379 732 1474; x_wconf 84' lang='lat' dir='ltr'><strong>obnoxius</strong></span> <span class='ocrx_word' id='word_1_44' title='bbox 746 1437 756 1471; x_wconf 96' lang='lat'><strong>,</strong></span> <span class='ocrx_word' id='word_1_45' title='bbox 769 1406 885 1480; x_wconf 89' lang='lat' dir='ltr'><strong>quam</strong></span> <span class='ocrx_word' id='word_1_46' title='bbox 892 1383 1068 1458; x_wconf 89' lang='lat' dir='ltr'><strong>homines</strong></span> <span class='ocrx_word' id='word_1_47' title='bbox 1081 1391 1139 1458; x_wconf 77' lang='lat' dir='ltr'><strong>aei</strong></span> 
     </span>
     <span class='ocr_line' id='line_1_10' title="bbox 128 1493 1139 1593; baseline 0.009 -24"><span class='ocrx_word' id='word_1_48' title='bbox 128 1493 1139 1593; x_wconf 78' lang='lat' dir='ltr'><strong>medicoerudesVenetiisflatumvoeitant,etaflatibus</strong></span> 
     </span>
     <span class='ocr_line' id='line_1_11' title="bbox 129 1615 1138 1718; baseline 0.007 -30"><span class='ocrx_word' id='word_1_49' title='bbox 129 1639 209 1688; x_wconf 86' lang='lat' dir='ltr'><strong>esse</strong></span> <span class='ocrx_word' id='word_1_50' title='bbox 237 1615 425 1702; x_wconf 81' lang='lat' dir='ltr'><strong>credunt,</strong></span> <span class='ocrx_word' id='word_1_51' title='bbox 449 1615 623 1710; x_wconf 84' lang='lat' dir='ltr'><strong>quamvis</strong></span> <span class='ocrx_word' id='word_1_52' title='bbox 651 1639 746 1710; x_wconf 75' lang='lat' dir='ltr'><strong>saepe</strong></span> <span class='ocrx_word' id='word_1_53' title='bbox 777 1619 824 1690; x_wconf 87' lang='lat' dir='ltr'><strong>sit</strong></span> <span class='ocrx_word' id='word_1_54' title='bbox 843 1641 941 1688; x_wconf 39' lang='lat' dir='ltr'><strong>veum</strong></span> <span class='ocrx_word' id='word_1_55' title='bbox 960 1627 1138 1718; x_wconf 83' lang='lat' dir='ltr'><strong>organico</strong></span> 
     </span>
     <span class='ocr_line' id='line_1_12' title="bbox 128 1731 1139 1834; baseline 0.004 -29"><span class='ocrx_word' id='word_1_56' title='bbox 128 1734 311 1833; x_wconf 88' lang='lat' dir='ltr'><strong>quopiam</strong></span> <span class='ocrx_word' id='word_1_57' title='bbox 334 1733 485 1802; x_wconf 75' lang='lat' dir='ltr'><strong>interno</strong></span> <span class='ocrx_word' id='word_1_58' title='bbox 501 1733 593 1802; x_wconf 80' lang='lat' dir='ltr'><strong>vitio</strong></span> <span class='ocrx_word' id='word_1_59' title='bbox 613 1731 842 1826; x_wconf 80' lang='lat' dir='ltr'><strong>conjuncta,</strong></span> <span class='ocrx_word' id='word_1_60' title='bbox 861 1757 882 1804; x_wconf 91' lang='lat' dir='ltr'><strong>a</strong></span> <span class='ocrx_word' id='word_1_61' title='bbox 901 1751 1009 1806; x_wconf 83' lang='lat' dir='ltr'><strong>motu</strong></span> <span class='ocrx_word' id='word_1_62' title='bbox 1026 1741 1139 1834; x_wconf 75' lang='lat' dir='ltr'><strong>paulo</strong></span> 
     </span>
     <span class='ocr_line' id='line_1_13' title="bbox 127 1846 1140 1950; baseline 0.004 -27"><span class='ocrx_word' id='word_1_63' title='bbox 127 1852 352 1924; x_wconf 81' lang='lat' dir='ltr'><strong>violentiora</strong></span> <span class='ocrx_word' id='word_1_64' title='bbox 388 1848 556 1946; x_wconf 83' lang='lat' dir='ltr'><strong>spirandi</strong></span> <span class='ocrx_word' id='word_1_65' title='bbox 597 1846 818 1921; x_wconf 87' lang='lat' dir='ltr'><strong>difficultate</strong></span> <span class='ocrx_word' id='word_1_66' title='bbox 854 1853 1140 1950; x_wconf 74' lang='lat' dir='ltr'><strong>corripiebatun.</strong></span> 
     </span>
     <span class='ocr_line' id='line_1_14' title="bbox 129 1965 1139 2067; baseline 0.005 -27"><span class='ocrx_word' id='word_1_67' title='bbox 129 1973 217 2040; x_wconf 86' lang='lat' dir='ltr'><strong>Duo</strong></span> <span class='ocrx_word' id='word_1_68' title='bbox 231 1983 411 2067; x_wconf 80' lang='lat' dir='ltr'><strong>praeterea</strong></span> <span class='ocrx_word' id='word_1_69' title='bbox 420 1966 468 2038; x_wconf 89' lang='lat' dir='ltr'><strong>ab</strong></span> <span class='ocrx_word' id='word_1_70' title='bbox 480 1966 581 2039; x_wconf 82' lang='lat' dir='ltr'><strong>iliius</strong></span> <span class='ocrx_word' id='word_1_71' title='bbox 594 1968 703 2039; x_wconf 86' lang='lat' dir='ltr'><strong>sociis</strong></span> <span class='ocrx_word' id='word_1_72' title='bbox 713 1965 862 2039; x_wconf 77' lang='lat' dir='ltr'><strong>bierant</strong></span> <span class='ocrx_word' id='word_1_73' title='bbox 870 1970 1139 2065; x_wconf 86' lang='lat' dir='ltr'><strong>animadversa,</strong></span> 
     </span>
     <span class='ocr_line' id='line_1_15' title="bbox 128 2083 1140 2183; baseline 0.007 -28"><span class='ocrx_word' id='word_1_74' title='bbox 128 2086 311 2173; x_wconf 79' lang='lat' dir='ltr'><strong>alterum,</strong></span> <span class='ocrx_word' id='word_1_75' title='bbox 336 2109 356 2154; x_wconf 86' lang='lat' dir='ltr'><strong>a</strong></span> <span class='ocrx_word' id='word_1_76' title='bbox 382 2083 471 2155; x_wconf 81' lang='lat' dir='ltr'><strong>ciba</strong></span> <span class='ocrx_word' id='word_1_77' title='bbox 498 2083 795 2157; x_wconf 83' lang='lat' dir='ltr'>somniculosum</span> <span class='ocrx_word' id='word_1_78' title='bbox 821 2101 955 2183; x_wconf 75' lang='lat' dir='ltr'><strong>prater</strong></span> <span class='ocrx_word' id='word_1_79' title='bbox 983 2087 1140 2162; x_wconf 88' lang='lat' dir='ltr'><strong>modum</strong></span> 
     </span>
     <span class='ocr_line' id='line_1_16' title="bbox 128 2201 1139 2305; baseline 0.008 -33"><span class='ocrx_word' id='word_1_80' title='bbox 128 2201 213 2274; x_wconf 85' lang='lat' dir='ltr'><strong>fieri</strong></span> <span class='ocrx_word' id='word_1_81' title='bbox 225 2201 396 2290; x_wconf 84' lang='lat' dir='ltr'><strong>solitum,</strong></span> <span class='ocrx_word' id='word_1_82' title='bbox 409 2201 590 2294; x_wconf 73' lang='lat' dir='ltr'><strong>alteram,</strong></span> <span class='ocrx_word' id='word_1_83' title='bbox 607 2225 702 2300; x_wconf 83' lang='lat' dir='ltr'><strong>saepe</strong></span> <span class='ocrx_word' id='word_1_84' title='bbox 715 2202 762 2273; x_wconf 90' lang='lat' dir='ltr'><strong>ad</strong></span> <span class='ocrx_word' id='word_1_85' title='bbox 774 2203 927 2276; x_wconf 79' lang='lat' dir='ltr'><strong>lumbos</strong></span> <span class='ocrx_word' id='word_1_86' title='bbox 938 2219 1139 2305; x_wconf 83' lang='lat' dir='ltr'><strong>utramque</strong></span> 
     </span>
     <span class='ocr_line' id='line_1_17' title="bbox 130 2321 1141 2411; baseline 0.005 -19"><span class='ocrx_word' id='word_1_87' title='bbox 130 2321 332 2392; x_wconf 84' lang='lat' dir='ltr'><strong>admovere</strong></span> <span class='ocrx_word' id='word_1_88' title='bbox 375 2343 529 2391; x_wconf 89' lang='lat' dir='ltr'><strong>manum</strong></span> <span class='ocrx_word' id='word_1_89' title='bbox 570 2321 809 2392; x_wconf 66' lang='lat' dir='ltr'>consuevisse</span> <span class='ocrx_word' id='word_1_90' title='bbox 838 2376 848 2411; x_wconf 96' lang='lat'><strong>,</strong></span> <span class='ocrx_word' id='word_1_91' title='bbox 891 2337 930 2393; x_wconf 86' lang='lat' dir='ltr'><strong>et</strong></span> <span class='ocrx_word' id='word_1_92' title='bbox 971 2325 1141 2396; x_wconf 78' lang='lat' dir='ltr'><strong>valenter</strong></span> 
     </span>
     <span class='ocr_line' id='line_1_18' title="bbox 92 2437 1139 2536; baseline 0.006 -27"><span class='ocrx_word' id='word_1_93' title='bbox 92 2478 94 2484; x_wconf 70' lang='lat'>‚</span> <span class='ocrx_word' id='word_1_94' title='bbox 130 2439 309 2512; x_wconf 85' lang='lat' dir='ltr'><strong>deorsum</strong></span> <span class='ocrx_word' id='word_1_95' title='bbox 339 2461 468 2512; x_wconf 86' lang='lat' dir='ltr'>versus</span> <span class='ocrx_word' id='word_1_96' title='bbox 494 2437 662 2525; x_wconf 83' lang='lat' dir='ltr'><strong>fricare,</strong></span> <span class='ocrx_word' id='word_1_97' title='bbox 701 2439 808 2536; x_wconf 87' lang='lat' dir='ltr'><strong>quasi</strong></span> <span class='ocrx_word' id='word_1_98' title='bbox 842 2438 896 2510; x_wconf 90' lang='lat' dir='ltr'><strong>ibi</strong></span> <span class='ocrx_word' id='word_1_99' title='bbox 928 2441 1139 2515; x_wconf 84' lang='lat' dir='ltr'>molestiam</span> 
     </span>
     <span class='ocr_line' id='line_1_19' title="bbox 126 2553 1137 2656; baseline 0.005 -29"><span class='ocrx_word' id='word_1_100' title='bbox 126 2558 294 2654; x_wconf 79' lang='lat' dir='ltr'><strong>aliquam</strong></span> <span class='ocrx_word' id='word_1_101' title='bbox 303 2557 540 2656; x_wconf 75' lang='lat' dir='ltr'><strong>persentiret,</strong></span> <span class='ocrx_word' id='word_1_102' title='bbox 548 2578 631 2654; x_wconf 73' lang='lat' dir='ltr'><strong>quae</strong></span> <span class='ocrx_word' id='word_1_103' title='bbox 639 2557 684 2627; x_wconf 88' lang='lat' dir='ltr'><strong>iis</strong></span> <span class='ocrx_word' id='word_1_104' title='bbox 693 2553 932 2630; x_wconf 74' lang='lat' dir='ltr'><strong>frictionibus</strong></span> <span class='ocrx_word' id='word_1_105' title='bbox 941 2559 1137 2632; x_wconf 73' lang='lat' dir='ltr'><strong>levaretur.</strong></span> 
     </span>
     <span class='ocr_line' id='line_1_20' title="bbox 128 2673 1139 2772; baseline 0.005 -26"><span class='ocrx_word' id='word_1_106' title='bbox 128 2676 198 2746; x_wconf 88' lang='lat' dir='ltr'><strong>Hic</strong></span> <span class='ocrx_word' id='word_1_107' title='bbox 216 2699 302 2748; x_wconf 87' lang='lat' dir='ltr'><strong>eum</strong></span> <span class='ocrx_word' id='word_1_108' title='bbox 321 2675 361 2764; x_wconf 85' lang='lat' dir='ltr'><strong>in</strong></span> <span class='ocrx_word' id='word_1_109' title='bbox 373 2673 493 2746; x_wconf 76' lang='lat' dir='ltr'><strong>donia</strong></span> <span class='ocrx_word' id='word_1_110' title='bbox 513 2675 726 2745; x_wconf 86' lang='lat' dir='ltr'><strong>meretricia</strong></span> <span class='ocrx_word' id='word_1_111' title='bbox 747 2674 795 2746; x_wconf 86' lang='lat' dir='ltr'><strong>ad</strong></span> <span class='ocrx_word' id='word_1_112' title='bbox 818 2675 946 2772; x_wconf 82' lang='lat' dir='ltr'><strong>ignem</strong></span> <span class='ocrx_word' id='word_1_113' title='bbox 970 2677 1139 2770; x_wconf 78' lang='lat' dir='ltr'><strong>sederet,</strong></span> 
     </span>
     <span class='ocr_line' id='line_1_21' title="bbox 127 2790 1142 2890; baseline 0.003 -28"><span class='ocrx_word' id='word_1_114' title='bbox 127 2795 230 2862; x_wconf 80' lang='lat' dir='ltr'><strong>inter</strong></span> <span class='ocrx_word' id='word_1_115' title='bbox 256 2791 492 2889; x_wconf 78' lang='lat' dir='ltr'><strong>loquendum</strong></span> <span class='ocrx_word' id='word_1_116' title='bbox 525 2804 682 2890; x_wconf 82' lang='lat' dir='ltr'><strong>repente</strong></span> <span class='ocrx_word' id='word_1_117' title='bbox 709 2790 817 2862; x_wconf 72' lang='lat' dir='ltr'><strong>obiit.</strong></span> <span class='ocrx_word' id='word_1_118' title='bbox 850 2792 1038 2864; x_wconf 80' lang='lat' dir='ltr'><strong>Cadavere</strong></span> <span class='ocrx_word' id='word_1_119' title='bbox 1061 2795 1142 2866; x_wconf 74' lang='lat' dir='ltr'><strong>ins-</strong></span> 
     </span>
     <span class='ocr_line' id='line_1_22' title="bbox 128 2910 1141 3010; baseline 0.004 -30"><span class='ocrx_word' id='word_1_120' title='bbox 128 2925 241 3010; x_wconf 81' lang='lat' dir='ltr'><strong>pecta</strong></span> <span class='ocrx_word' id='word_1_121' title='bbox 257 2965 266 2999; x_wconf 92' lang='lat'><strong>,</strong></span> <span class='ocrx_word' id='word_1_122' title='bbox 282 2911 389 3007; x_wconf 87' lang='lat' dir='ltr'><strong>eujus</strong></span> <span class='ocrx_word' id='word_1_123' title='bbox 408 2934 534 3008; x_wconf 86' lang='lat' dir='ltr'><strong>neque</strong></span> <span class='ocrx_word' id='word_1_124' title='bbox 553 2931 680 2997; x_wconf 82' lang='lat' dir='ltr'><strong>crura,</strong></span> <span class='ocrx_word' id='word_1_125' title='bbox 698 2933 769 2980; x_wconf 83' lang='lat' dir='ltr'><strong>nee</strong></span> <span class='ocrx_word' id='word_1_126' title='bbox 782 2923 915 2978; x_wconf 85' lang='lat' dir='ltr'><strong>venter</strong></span> <span class='ocrx_word' id='word_1_127' title='bbox 930 2910 1141 3003; x_wconf 80' lang='lat' dir='ltr'><strong>tumebant,</strong></span> 
     </span>
     <span class='ocr_line' id='line_1_23' title="bbox 126 3024 1139 3126; baseline -0.001 -26"><span class='ocrx_word' id='word_1_128' title='bbox 126 3044 167 3100; x_wconf 80' lang='lat' dir='ltr'><strong>et</strong></span> <span class='ocrx_word' id='word_1_129' title='bbox 183 3027 257 3099; x_wconf 87' lang='lat' dir='ltr'><strong>hoc</strong></span> <span class='ocrx_word' id='word_1_130' title='bbox 274 3041 405 3126; x_wconf 79' lang='lat' dir='ltr'><strong>aperto</strong></span> <span class='ocrx_word' id='word_1_131' title='bbox 421 3082 431 3116; x_wconf 97' lang='lat'><strong>,</strong></span> <span class='ocrx_word' id='word_1_132' title='bbox 449 3028 673 3125; x_wconf 80' lang='lat' dir='ltr'><strong>depressam</strong></span> <span class='ocrx_word' id='word_1_133' title='bbox 693 3026 871 3122; x_wconf 80' lang='lat' dir='ltr'><strong>apparuit</strong></span> <span class='ocrx_word' id='word_1_134' title='bbox 883 3024 1139 3124; x_wconf 84' lang='lat' dir='ltr'><strong>diaphragma.</strong></span> 
     </span>
     <span class='ocr_line' id='line_1_24' title="bbox 128 3137 1141 3240; baseline 0 -24"><span class='ocrx_word' id='word_1_135' title='bbox 128 3145 307 3216; x_wconf 84' lang='lat' dir='ltr'><strong>Thoracis</strong></span> <span class='ocrx_word' id='word_1_136' title='bbox 321 3167 433 3216; x_wconf 84' lang='lat' dir='ltr'><strong>cavea</strong></span> <span class='ocrx_word' id='word_1_137' title='bbox 449 3143 602 3215; x_wconf 78' lang='lat' dir='ltr'><strong>dextera</strong></span> <span class='ocrx_word' id='word_1_138' title='bbox 620 3144 812 3240; x_wconf 82' lang='lat' dir='ltr'><strong>ingentem</strong></span> <span class='ocrx_word' id='word_1_139' title='bbox 833 3137 1141 3240; x_wconf 74' lang='lat' dir='ltr'><strong>effiasisangainis</strong></span> 
     </span>
     <span class='ocr_line' id='line_1_25' title="bbox 126 3259 1140 3361; baseline 0 -26"><span class='ocrx_word' id='word_1_140' title='bbox 126 3265 279 3361; x_wconf 73' lang='lat' dir='ltr'><strong>capiam</strong></span> <span class='ocrx_word' id='word_1_141' title='bbox 299 3259 471 3336; x_wconf 82' lang='lat' dir='ltr'><strong>habehat.</strong></span> <span class='ocrx_word' id='word_1_142' title='bbox 490 3260 684 3331; x_wconf 81' lang='lat' dir='ltr'><strong>Prodiemt</strong></span> <span class='ocrx_word' id='word_1_143' title='bbox 697 3259 761 3330; x_wconf 87' lang='lat' dir='ltr'><strong>hic</strong></span> <span class='ocrx_word' id='word_1_144' title='bbox 779 3285 824 3331; x_wconf 84' lang='lat' dir='ltr'><strong>ex</strong></span> <span class='ocrx_word' id='word_1_145' title='bbox 841 3260 976 3330; x_wconf 78' lang='lat' dir='ltr'><strong>arteria</strong></span> <span class='ocrx_word' id='word_1_146' title='bbox 994 3282 1140 3360; x_wconf 83' lang='lat' dir='ltr'><strong>magna,</strong></span> 
     </span>
     <span class='ocr_line' id='line_1_26' title="bbox 127 3375 1140 3479; baseline 0.003 -29"><span class='ocrx_word' id='word_1_147' title='bbox 127 3402 214 3479; x_wconf 86' lang='lat' dir='ltr'><strong>quae</strong></span> <span class='ocrx_word' id='word_1_148' title='bbox 231 3379 506 3477; x_wconf 84' lang='lat' dir='ltr'><strong>diaphragmati</strong></span> <span class='ocrx_word' id='word_1_149' title='bbox 516 3379 592 3474; x_wconf 85' lang='lat' dir='ltr'><strong>jam</strong></span> <span class='ocrx_word' id='word_1_150' title='bbox 608 3379 802 3476; x_wconf 84' lang='lat' dir='ltr'><strong>proxima,</strong></span> <span class='ocrx_word' id='word_1_151' title='bbox 819 3375 872 3447; x_wconf 86' lang='lat' dir='ltr'><strong>ibi</strong></span> <span class='ocrx_word' id='word_1_152' title='bbox 886 3401 1000 3449; x_wconf 86' lang='lat' dir='ltr'><strong>suum</strong></span> <span class='ocrx_word' id='word_1_153' title='bbox 1014 3380 1140 3478; x_wconf 89' lang='lat' dir='ltr'><strong>ipsum</strong></span> 
     </span>
     <span class='ocr_line' id='line_1_27' title="bbox 127 3497 1141 3596; baseline 0 -25"><span class='ocrx_word' id='word_1_154' title='bbox 127 3515 309 3571; x_wconf 67' lang='lat' dir='ltr'><strong>mancum</strong></span> <span class='ocrx_word' id='word_1_155' title='bbox 328 3499 373 3595; x_wconf 35' lang='lat' dir='ltr'><strong>,in</strong></span> <span class='ocrx_word' id='word_1_156' title='bbox 395 3519 634 3595; x_wconf 83' lang='lat' dir='ltr'><strong>aneurysma,</strong></span> <span class='ocrx_word' id='word_1_157' title='bbox 659 3497 777 3596; x_wconf 78' lang='lat' dir='ltr'><strong>pugni</strong></span> <span class='ocrx_word' id='word_1_158' title='bbox 806 3497 1064 3593; x_wconf 83' lang='lat' dir='ltr'><strong>magnitudine</strong></span> <span class='ocrx_word' id='word_1_159' title='bbox 1083 3501 1141 3571; x_wconf 63' lang='lat' dir='ltr'><strong>di«</strong></span> 
     </span>
     <span class='ocr_line' id='line_1_28' title="bbox 131 3615 1141 3713; baseline 0 -25"><span class='ocrx_word' id='word_1_160' title='bbox 131 3618 317 3688; x_wconf 72' lang='lat' dir='ltr'><strong>lataverat.</strong></span> <span class='ocrx_word' id='word_1_161' title='bbox 336 3615 452 3708; x_wconf 81' lang='lat' dir='ltr'>Quod</span> <span class='ocrx_word' id='word_1_162' title='bbox 470 3616 681 3713; x_wconf 86' lang='lat' dir='ltr'><strong>polyposis,</strong></span> <span class='ocrx_word' id='word_1_163' title='bbox 698 3617 806 3712; x_wconf 82' lang='lat' dir='ltr'><strong>quasi</strong></span> <span class='ocrx_word' id='word_1_164' title='bbox 829 3615 1141 3705; x_wconf 76' lang='lat' dir='ltr'><strong>membranaceis,</strong></span> 
     </span>
    </p>
   </div>
   <div class='ocr_carea' id='block_1_3' title="bbox 171 3990 517 4068">
    <p class='ocr_par' dir='ltr' id='par_1_4' title="bbox 171 3990 517 4068">
     <span class='ocr_line' id='line_1_29' title="bbox 171 3990 517 4068; baseline -0.014 -21"><span class='ocrx_word' id='word_1_165' title='bbox 171 3991 216 4068; x_wconf 87' lang='lat'><strong>(1)</strong></span> <span class='ocrx_word' id='word_1_166' title='bbox 238 3990 332 4066; x_wconf 88' lang='lat' dir='ltr'><strong>Epist.</strong></span> <span class='ocrx_word' id='word_1_167' title='bbox 353 4009 405 4059; x_wconf 79' lang='lat'><strong>21,</strong></span> <span class='ocrx_word' id='word_1_168' title='bbox 421 4009 450 4044; x_wconf 89' lang='lat' dir='ltr'><strong>n.</strong></span> <span class='ocrx_word' id='word_1_169' title='bbox 471 3994 517 4059; x_wconf 76' lang='lat'><strong>47.</strong></span> 
     </span>
    </p>
   </div>
   <div class='ocr_carea' id='block_1_4' title="bbox 0 0 1419 4668">
    <p class='ocr_par' dir='ltr' id='par_1_5' title="bbox 0 0 1419 4668">
     <span class='ocr_line' id='line_1_30' title="bbox 0 0 1419 4668; baseline 0 0"><span class='ocrx_word' id='word_1_170' title='bbox 0 0 1419 4668; x_wconf 95' lang='lat' dir='ltr'><strong> </strong></span> 
     </span>
    </p>
   </div>
  </div>
 </body>
</html>
