2816 4668
317 443 391 535 [474
487 463 535 508 cc
561 461 708 510 scurrus
732 462 777 508 rr
803 461 927 510 crusis
952 464 1165 518 noricorum

318 573 506 673 descripta
537 575 626 645 vitia
644 573 989 648 animadvertimus.
1012 581 1083 648 Per
1099 578 1169 650 has
1186 593 1335 670 tamen,

316 717 463 793 perque
489 692 603 780 alias,
632 693 742 764 etiam
769 692 1007 791 superiores,
1033 719 1078 768 ac
1103 699 1332 768 nominatim

316 810 546 886 subclaviam
566 811 751 884 sinistram
769 811 927 882 minime
943 813 1288 912 propagabantur,
1304 817 1331 888 si

277 969 279 976 ·
316 931 478 1029 primam
502 930 667 1028 excipias
690 929 845 1002 alterius
872 929 972 1002 illins
994 933 1140 1004 arterias
1159 949 1331 1031 partem,

316 1073 400 1146 quac
418 1047 576 1120 carotidi
594 1061 630 1118 et
648 1046 845 1120 subclaviae
860 1047 1226 1148 dexterisoriginem
1244 1076 1329 1149 prm

260 1191 263 1201 ’
315 1165 390 1238 bet.
411 1167 507 1237 Hinc
527 1164 660 1236 oculos
672 1164 720 1236 ad
739 1185 807 1236 cor
822 1163 1050 1255 referentes,
1068 1183 1105 1240 et
1126 1169 1178 1240 ad
1203 1184 1326 1241 carten

316 1309 399 1382 quac
414 1283 487 1381 ipsi
506 1307 652 1356 annexa
672 1299 762 1355 sunt
784 1305 890 1371 vasa,
914 1283 1011 1354 nihil
1033 1309 1200 1382 usquam
1222 1311 1325 1360 cons·

320 1401 682 1515 perimusviq'imisi
699 1400 806 1498 quod
818 1400 1057 1500 pulmonaris
1067 1428 1172 1474 venor
1189 1403 1325 1476 caudex

312 1517 429 1616 paulo
449 1520 549 1592 visus
565 1533 621 1591 est
640 1544 748 1617 aequo
764 1520 894 1616 major.
912 1524 957 1590 ln
978 1517 1052 1594 hcc
1065 1535 1107 1592 ct
1124 1522 1166 1591 in
1178 1522 1322 1618 adjecto

313 1637 526 1708 ventriculo
554 1638 706 1736 sanguis
729 1651 810 1710 crat
832 1655 994 1736 paucus,
1025 1639 1155 1736 isque,
1184 1657 1232 1712 ut
1254 1641 1324 1712 aliis

314 1754 492 1828 omnibus
511 1757 550 1826 in
577 1756 689 1842 locis,
705 1757 815 1854 niger
835 1771 873 1828 ct
889 1735 1049 1828 omnino
1064 1755 1224 1830 fluidus.
1259 1757 1320 1830 Sed

311 1876 352 1946 in
363 1875 601 1972 pulmonaris
616 1875 759 1950 arteriae
774 1889 915 1946 trunco
932 1900 1011 1946 non
1025 1895 1198 1972 paucars3
1215 1901 1324 1972 quan·

313 2019 429 2090 quam
459 1995 498 2064 in
531 1993 745 2070 ventriculo
774 1993 930 2066 dextero
962 1994 1120 2091 ejusque
1157 1996 1324 2066 auricula

311 2111 460 2210 nullutn
481 2110 587 2184 facile
595 2113 688 2212 quia
699 2137 770 2210 per
785 2130 920 2184 venam
934 2131 1086 2200 cavata,
1106 2113 1228 2211 paulo
1243 2129 1324 2185 autc

310 2227 409 2302 infra
418 2233 526 2327 jecur
539 2233 715 2319 incisam,
732 2228 952 2306 defluxerat.

361 2351 512 2420 Ventris
533 2366 660 2422 antem
678 2351 822 2425 viscera
839 2349 1099 2448 inspicientes,
1114 2350 1173 2420 sic
1193 2348 1322 2422 obscr-

309 2466 490 2539 ravimus.
508 2469 650 2540 Tenuia
668 2469 846 2540 intestina
863 2467 1045 2566 pleraque
1062 2492 1110 2538 ex
1131 2465 1320 2540 sublivido

310 2583 489 2654 nonnihil
504 2584 689 2659 rubentia.
716 2584 962 2658 Ventriculus
980 2586 1096 2682 quasi
1107 2584 1257 2683 duplex
1272 2583 1320 2656 ch

310 2702 434 2800 pylori
450 2718 622 2792 antrum,
635 2703 902 2801 quadantenus
919 2728 941 2778 a
961 2717 1071 2804 partu
1078 2703 1236 2801 reliqua
1252 2725 1318 2801 per

310 2821 620 2894 constrictionem
635 2821 840 2919 quamdam
855 2821 1035 2910 divisum
1050 2835 1187 2896 caetera
1198 2844 1318 2894 sanus.

306 2943 419 3010 Jecur
437 2939 694 3012 sinistrorsum
709 2933 816 3012 valde
829 2954 1029 3014 extensum
1043 2989 1053 3026 ,
1068 2939 1108 3010 in
1123 2938 1318 3037 crepidine

191 3077 193 3080 ’
308 3071 433 3130 autem
454 3058 626 3144 dextcra‚
642 3073 683 3130 ct
695 3057 787 3130 huic
807 3059 1032 3131 continuato
1052 3055 1144 3128 lcbo
1169 3056 1220 3128 ad
1240 3079 1320 3155 spa·

307 3176 401 3246 tium
421 3175 579 3273 aliquod
601 3176 706 3248 intus
726 3189 928 3274 extraque,
954 3175 1073 3272 magis
1099 3189 1236 3248 saturo
1260 3199 1319 3248 oo-
1397 3193 1398 3250 ΐ

308 3293 407 3381 lore,
431 3306 470 3364 ct
500 3293 642 3366 durius.
670 3294 811 3366 Durius
830 3309 990 3392 quoquc
1009 3309 1215 3391 ,pancrcas,
1239 3308 1318 3364 cta

186 3445 189 3456 ·
305 3411 499 3484 restitantc
520 3413 702 3513 sanguine
718 3438 765 3484 ex
777 3412 898 3484 rubro
915 3413 1109 3510 nigricans
1124 3435 1203 3508 qua
1215 3426 1318 3510 pute
1397 3441 1398 3452 ³

307 3526 354 3599 ad
374 3528 512 3628 lienem
529 3529 742 3602 accedebat.
765 3531 835 3602 Hic
855 3545 981 3602 autem
1002 3529 1110 3602 tanis
1132 3545 1177 3602 ut
1195 3541 1319 3626 posset

303 3643 414 3718 tacite
428 3645 624 3747 disrumpi.
637 3650 795 3747 Strigosi
813 3664 937 3720 testes.
957 3648 1065 3718 Utcri
1079 3646 1258 3720 osculum
1265 3645 1319 3716 di·

306 3765 463 3836 latatum
490 3781 528 3837 et
555 3765 782 3838 subsidens:
805 3763 946 3838 fundus
973 3779 1099 3837 autem
1121 3784 1317 3864 supremus

305 3883 440 3954 codem
474 3885 636 3956 exterius
667 3909 745 3982 quo
774 3885 904 3956 tenuia
933 3885 1110 3956 intestina
1136 3881 1315 3966 diximus,

304 4001 431 4072 colore
458 4000 638 4093 infectum
663 4027 734 4076 nec
762 4005 843 4077 sine
870 4001 1035 4102 quodam
1060 4001 1167 4100 gravi
1188 3999 1312 4073 odore.
