2816 4668
341 395 414 478 386
498 421 554 468 nn
580 414 727 468 sunrsns
751 417 796 466 m
821 413 946 467 crusis
971 415 1175 470 nonnosum

333 561 439 638 mger
458 536 644 636 Euganeis
673 534 761 606 lutis
783 533 943 624 abusus,
972 538 1163 608 materiam
1184 557 1252 638 quc
1267 559 1304 612 u·

338 655 536 742 thritidem
567 650 689 724 facere
711 666 945 740 consuesset,
970 673 1097 726 arcere
1114 656 1159 728 ab
1181 659 1305 730 articulis

341 774 571 860 studuisset,
591 771 692 842 illius
707 771 870 842 materiae
894 785 1040 868 partem
1068 774 1221 872 aliquam
1238 777 1305 845 inter

339 891 465 966 falcati
483 909 684 988 processus
700 885 816 960 fibras
840 887 1038 988 intercipi,
1064 905 1101 962 et
1124 889 1305 964 dolorescs·

338 1011 447 1111 pitis,
476 1006 617 1107 quibus
639 1028 838 1103 nunquam
856 1021 965 1078 antea
992 1006 1179 1081 obnoxius
1205 1007 1302 1096 luent,

339 1123 475 1202 sllerre
495 1125 677 1224 coepisset
696 1123 947 1222 eumdemque
961 1127 1098 1202 sensim
1111 1129 1303 1226 posteainu

338 1271 425 1347 quse
442 1244 630 1341 descripta
655 1237 763 1328 sunt,
783 1262 866 1314 ossa
886 1259 1213 1333 concrescentem,
1236 1257 1303 1343 post·
1362 1337 1363 1346 ἵ

333 1385 456 1464 qiuam
469 1361 609 1434 horum
628 1353 768 1432 aculeis
785 1360 997 1457 proximam
1010 1364 1305 1462 utrinquemeniu·
1362 1391 1363 1458 ,

340 1503 428 1584 gem
438 1493 593 1554 tenuem
608 1478 812 1575 incepisset
832 1491 1115 1576 compungere,
1135 1479 1305 1579 inquibus
1362 1479 1363 1550 l

336 1600 428 1674 dum
446 1597 839 1699 presertimcorporis
855 1595 1044 1688 motibus,
1060 1621 1123 1670 eas
1138 1598 1306 1672 convulsio

335 1739 410 1792 nes
436 1718 639 1804 excitasse,
665 1739 687 1784 a
713 1712 854 1811 quibus
880 1735 966 1786 cum
999 1729 1149 1807 caetere,
1174 1734 1243 1789 tum
1262 1715 1305 1786 ille

334 1837 456 1912 animi
468 1833 699 1908 defectiones
709 1833 921 1904 orirentur:
936 1856 1099 1932 querum
1112 1837 1305 1936 potissimum

339 1977 452 2030 eausa
486 1955 594 2026 istius
629 1953 718 2050 aegri
745 1950 924 2024 morbum
955 1969 992 2025 et
1022 1951 1305 2028 dissectionenin

337 2073 440 2146 hanc
449 2071 646 2171 epistolam
658 2065 869 2156 retulimus.
886 2072 997 2144 Ultro
1012 2087 1140 2147 tamen
1155 2071 1306 2154 htebatm,

341 2194 430 2267 satis
443 2185 543 2262 illud
557 2190 737 2288 explicari
756 2210 836 2260 uon
857 2209 990 2288 posse,
1008 2213 1077 2264 cur
1093 2193 1142 2266 ed
1159 2194 1254 2266 tussis
1266 2199 1306 2258 aut

339 2308 627 2384 sternutationis
644 2321 789 2396 motus,
809 2307 950 2404 quihus
978 2309 1232 2386 vehementius
1246 2331 1306 2380 con·

341 2427 421 2498 cuti
438 2427 636 2522 meninges
658 2424 858 2512 videntur,
878 2425 975 2496 nihil
1000 2451 1135 2500 eorum
1154 2425 1305 2500 accideret

340 2543 528 2641 Equidem
555 2543 735 2630 memini,
763 2563 851 2612 cum
875 2542 944 2614 tibi
969 2546 1059 2618 elius
1074 2545 1151 2645 (1)
1170 2546 1308 2644 pleraque

337 2663 504 2748 ossium,
525 2662 566 2732 in
589 2658 723 2731 falcato
741 2681 923 2758 processu
941 2665 1203 2754 intentorum,
1220 2681 1307 2735 excu-

338 2781 403 2881 pla
420 2799 777 2867 commemorarem,
798 2801 929 2876 graves
948 2783 1103 2880 quidem
1127 2783 1175 2855 ab
1188 2779 1250 2854 illis
1263 2799 1308 2848 no

337 2923 425 2989 sas,
449 2923 536 2972 cum
565 2897 762 2994 meninges
786 2915 1021 2997 pungerent,
1041 2901 1171 2975 allatas
1193 2923 1258 2972 csse
1275 2892 1306 2964 di·

338 3019 447 3094 uisse.
467 3021 611 3089 Verum
624 3039 704 3086 non
714 3016 891 3106 memini,
910 3017 949 3088 in
964 3018 1172 3115 majoribus
1183 3012 1306 3090 motibus

339 3159 420 3208 non
447 3157 528 3207 esse
550 3133 696 3221 allatas,
723 3155 810 3202 cum
833 3157 854 3204 a
876 3136 1087 3210 minoribus
1109 3135 1304 3210 afferrentur·

339 3255 420 3342 Sic,
448 3251 612 3349 exempli
638 3272 770 3338 cause,
789 3251 828 3322 in
854 3277 897 3324 ea
917 3253 1179 3328 observatione
1199 3272 1266 3354 quc
1281 3247 1305 3316 it

337 3367 536 3460 historiam
555 3369 666 3467 regiae
684 3369 924 3440 scientiarum
946 3371 1154 3444 Academica
1163 3366 1304 3448 Parisien·

338 3488 387 3560 sis
405 3487 453 3558 sd
468 3509 611 3558 annum
632 3509 718 3584 ¹7¹1
742 3487 858 3558 relata
875 3503 946 3580 est,
964 3490 1114 3586 juvenis
1125 3491 1188 3564 ille
1206 3487 1260 3586 qui
1273 3477 1304 3551 ol

334 3605 444 3678 istem
462 3627 610 3676 causam
630 3604 840 3701 epilepticis
859 3609 1110 3705 paroxysmis,
1128 3610 1241 3706 iisque
1254 3599 1304 3672 fert
1360 3651 1361 3712 3

990 3809 1301 3842 ...ι-...μ

367 3974 412 4054 (ι)
432 3975 527 4052 Epist.
547 3973 582 4045 3,
600 3969 631 4032 ri.
648 3993 696 4032 rr.
