2820 4668
317 436 387 512 528
476 461 524 508 uu
550 443 767 510 sunmus'm
792 461 917 518 ciuus
942 463 1154 518 uomnuu

310 591 467 678 'pentum
480 591 535 648 est
545 576 615 648 atta
626 573 757 648 forma.
770 579 829 650 Sic
839 578 1182 680 Bartholinus(1)in
1190 583 1331 658 Pontii.

313 721 409 768 max.
426 694 688 780 Urbanovffl,
703 717 746 765 os
760 695 993 793 triangulare
1003 698 1210 773 describit:
1226 703 1334 800 quod

315 837 387 912 ego
406 813 481 888 hue
494 815 652 884 attinere
672 811 815 884 credidi
829 837 909 884 uon
922 828 999 886 tam
1014 818 1103 914 quia
1124 823 1333 892 in'sinimro

315 929 440 1004 cordis
450 929 658 1004 mtriculo
671 926 783 1002 fuisse
794 929 894 1020 dicit¹
907 955 1021 1029 quam
1032 934 1140 1032 quod
1140 936 1333 1036 frequens

315 1049 358 1122 id
373 1055 411 1120 iri
428 1049 576 1120 senibus
599 1073 679 1120 esse
700 1047 877 1143 subjicit:
899 1052 1046 1122 tametsi
1070 1075 1188 1126 causa
1215 1079 1331 1152 quam

314 1165 476 1266 profert,
491 1189 570 1252 nou
586 1165 707 1264 placet
718 1164 802 1236 fieri
822 1165 898 1236 hoc
917 1189 1062 1238 summa
1079 1183 1230 1242 naturae
1237 1196 1332 1271 pro·

315 1284 480 1358 videntia
490 1299 536 1356 ut
553 1283 725 1382 torpidus
734 1284 882 1382 alioqui
895 1290 1048 1381 sanguis·
1058 1286 1328 1362 velutstimulo

314 1402 447 1478 addito
476 1402 533 1474 ad
556 1417 698 1476 motum
724 1405 906 1474 incitetur.
940 1407 1156 1502 Utrumque
1180 1405 1261 1480 hoc
1290 1431 1327 1480 os

310 1520 622 1595 commemoravit
643 1523 835 1618 Ruygerus
850 1519 919 1616 (α),
933 1520 1042 1616 cujus
1059 1520 1179 1593 verba
1200 1537 1329 1596 caetera

312 1639 360 1712 ad
384 1640 534 1715 citatum
559 1641 680 1710 XXVI
709 1637 1014 1712 observationem
1045 1639 1075 1710 si
1106 1637 1326 1738 diligentius

217 1822 225 1833 .
310 1755 469 1832 fuissent
486 1761 525 1830 in
539 1756 786 1855 Sepulchreto
803 1756 1014 1856 descripta,
1037 1781 1115 1830 nou
1136 1757 1179 1830 id
1205 1765 1246 1830 in
1263 1761 1326 1832 tw·

310 1883 410 1950 mine
427 1877 634 1962 insolitum,
651 1874 718 1946 sed
736 1871 1123 1972 insolitumpropead
1127 1881 1322 1948 minimum

307 1993 426 2070 valde
443 1991 661 2092 infrequens'
669 1992 890 2090 legeremus.
905 1995 1050 2064 Verum
1065 2007 1183 2066 aortae
1199 1996 1322 2065 valvu-

203 2099 208 2107 ’
300 2112 353 2185 *1ae
365 2112 472 2184 abeo
493 2137 572 2209 quo
584 2109 648 2182 ille
661 2107 867 2197 scribebat,
881 2123 1055 2208 tempore
1070 2134 1152 2181 uon
1170 2111 1225 2182 ita
1240 2135 1322 2183 mro

308 2231 469 2302 inventae
489 2243 578 2302 sunt
596 2250 737 2316 osseae,
754 2250 973 2325 quanquam
987 2226 1054 2300 ubi
1070 2227 1173 2300 nihil
1188 2244 1320 2328 praete·

224 2426 232 2441 ⁸
308 2371 372 2420 rea
388 2349 468 2418 vitii
482 2344 575 2431 fuit3
594 2347 716 2417 rarius
733 2358 811 2416 tam
828 2343 951 2418 subita
969 2367 1073 2418 mors
1092 2344 1169 2418 illis
1198 2347 1319 2444 potuit

302 2465 391 2561 jure
405 2463 594 2560 imputari.
618 2465 708 2559 Nisi
722 2464 824 2536 enim
849 2463 1025 2560 sanguini
1048 2455 1211 2536 de'mum
1228 2489 1316 2564 prae·

305 2579 462 2656 cludant
477 2581 596 2666 viam,
614 2594 656 2650 ut
670 2580 784 2677 paulo
793 2593 880 2655 ante
892 2579 1132 2670 dicebamus;
1154 2598 1312 2654 mortem

262 2684 269 2696 ⁸
307 2698 495 2796 ejusmodi
518 2723 599 2770 non
624 2695 819 2772 afferunt:
850 2714 887 2770 et
917 2721 1006 2772 sane
1036 2711 1092 2772 tot
1118 2721 1312 2772 osseamm

302 2817 538 2890 valvularum
557 2818 751 2915 exempla,
765 2841 935 2915 quorum
950 2816 1059 2916 plura
1076 2816 1169 2890 alias
1179 2816 1313 2914 (tjtibi

304 2937 704 3022 commemoravimus,
718 2959 805 3006 cum
819 2959 957 3008 earam
972 2931 1076 3008 fuere
1094 2936 1312 3032 conjuncta,

304 3069 341 3127 et
360 3056 578 3154 priusquam
594 3051 736 3138 forent,
753 3053 830 3149 jam
850 3053 921 3124 alia
933 3077 1013 3126 nou
1024 3052 1187 3126 deerant
1204 3053 1312 3142 mala,

301 3197 385 3269 quae
415 3187 479 3244 aut
504 3172 624 3244 simui
649 3168 798 3246 efficere
828 3187 894 3244 aut
919 3170 1179 3268 praenuuciare
1209 3170 1309 3244 illam

302 3305 480 3387 possent:
499 3314 664 3387 quorum
681 3289 925 3394 alturum‚'ut
943 3317 989 3363 ex
1006 3293 1246 3364 commercio
1253 3293 1310 3364 lit-

299 3409 438 3480 terario
455 3411 546 3480 anni
571 3409 664 3507 1736
684 3409 856 3508 exempla
870 3407 931 3482 hic
950 3408 1156 3498 addamus,
1179 3413 1223 3484 in
1243 3412 1309 3488 ob·

335 3770 380 3850 (1)
400 3773 485 3829 Ceut.
500 3788 533 3840 π,
550 3766 619 3828 hist.
633 3783 711 3830 anat.
726 3771 773 3842 45.

335 3887 379 3965 (2)
399 3889 474 3963 Eph.
492 3889 530 3944 N.
544 3890 577 3946 C.
591 3889 655 3950 dec.
673 3908 705 3959 1,
721 3893 757 3948 A.
773 3891 806 3964 3,
824 3891 888 3950 obs.
907 3895 975 3950 282.

332 4000 378 4076 (3)
398 3999 493 4076 Epist.
505 4001 557 4074 23,
572 4020 604 4058 u.
622 4019 658 4058 η
669 4011 700 4060 et
714 4001 760 4062 13.
802 4029 807 4044 ·
