2824 4668
284 432 355 516 324
450 451 496 498 ne
522 447 667 498 sanmns
692 449 736 494 ur
761 445 884 495 cauus
909 439 1120 526 monacnum

282 581 356 651 tes,
371 561 631 634 derivaverint.
648 559 720 631 Sed
738 561 805 657 qui
819 559 984 657 'polypos
1005 583 1155 632 carnem
1167 585 1285 633 mem·

282 681 484 753 branamve
502 701 580 750 esse
604 689 850 764 censuerunt,
869 676 899 747 si
913 700 1043 748 revera
1060 701 1211 776 semper
1223 679 1286 750 de-

268 781 382 897 ⁸cepti
400 823 478 868 non
499 811 586 868 sunt
604 848 614 882 ,
632 793 697 866 sed
718 817 849 864 eorum
876 817 1155 904 nonnunquam
1171 795 1287 868 fibras

284 939 369 986 cum
388 912 494 984 fibris
518 910 643 984 cordis
669 911 902 999 continuari,
920 925 956 982 et
973 935 1060 982 vera
1085 936 1156 1010 per
1184 913 1287 1010 ipsos

283 1028 493 1130 sanguifera
514 1028 662 1100 vascula
678 1026 839 1125 produci
863 1043 1160 1127 conspexerunt,
1192 1055 1289 1128 quo·

283 1173 369 1220 rum
394 1146 487 1217 mihi
513 1159 689 1216 neutrum
707 1145 747 1214 in
765 1144 914 1242 polypis
931 1169 1050 1244 prope
1075 1146 1288 1218 innumeris

271 1263 451 1365 'spectare
471 1261 594 1334 adhuc
619 1262 795 1358 contigit3
820 1286 900 1332 non
920 1261 975 1332 illi
996 1247 1087 1334 tunc
1108 1265 1289 1362 polypos,

286 1384 332 1454 de
351 1381 490 1480 quibus
509 1378 571 1451 hic
590 1381 754 1475 agimus,
776 1377 841 1450 sed
868 1378 993 1451 cordis
1021 1389 1289 1454 excrescendas
1399 1427 1400 1430 =

284 1497 469 1570 viderunt.
484 1499 625 1568 Verum
635 1493 738 1565 alind
754 1509 809 1566 est
825 1495 1053 1594 polyporum
1069 1499 1178 1594 quasi
1191 1499 1288 1570 radi-

184 1675 187 1690 .
284 1615 385 1687 culas
404 1611 585 1685 incordis
603 1612 778 1683 minimas
804 1609 984 1702 foventes,
1005 1629 1043 1684 et
1060 1611 1288 1686 foraminula

274 1755 323 1804 ·se
335 1733 518 1820 inserere,
537 1751 712 1801 vasorum
732 1743 857 1800 autem
878 1752 1026 1827 perse,
1046 1745 1110 1801 aut
1129 1731 1233 1804 intra
1253 1757 1288 1804 sc

169 1887 174 1900 ·
269 1849 496 1947 repentium
508 1844 710 1944 quamdam
726 1845 918 1917 interdum
932 1846 1216 1920 similitudinem
1232 1875 1287 1922 os·
1399 1837 1400 1844 ἵ

284 1967 458 2054 tendere3
487 1964 589 2037 aliud
615 1964 828 2034 continuari
847 1961 961 2036 libras
977 1965 1097 2063 ipsas,
1120 1981 1158 2038 et
1179 1970 1287 2040 certis

283 2107 325 2155 ac
342 2081 595 2181 peculiaribus
604 2081 742 2152 tunicis
756 2081 937 2153 instructa
948 2105 1035 2154 vasa
1060 2083 1130 2156 sub
1155 2087 1287 2159 oculos

283 2215 321 2272 et
344 2200 559 2298 scalpellum
584 2198 715 2270 cadere
737 2197 808 2271 hos
838 2199 995 2300 polypos
1022 2199 1282 2275 incidentium.

283 2323 391 2389 Certe
405 2299 632 2388 Valsalva⁶ut
645 2315 734 2386 olim
749 2315 952 2388 inclinabat
968 2319 1008 2388 in
1021 2316 1120 2388 hanc
1140 2335 1287 2392 senten·
1398 2335 1399 2362 ἒ

282 2431 391 2521 tiamj
410 2435 461 2505 ita
477 2432 547 2505 sibi
563 2433 732 2532 pluscula
743 2457 811 2532 per
821 2433 1023 2531 quemdam
1036 2435 1222 2534 polypum
1231 2441 1285 2509 vi-

283 2549 372 2624 dere
391 2551 540 2622 vascula
557 2553 658 2624 visus
672 2555 744 2639 est3
756 2553 839 2649 quae
854 2567 891 2623 et
906 2551 1106 2651 diligenter
1124 2553 1286 2628 delinea-

277 2683 402 2755 ·verat;
423 2667 486 2740 sed
500 2693 545 2740 ex
559 2667 736 2740 similium
752 2668 980 2767 polyporum
994 2671 1163 2742 examine
1183 2670 1284 2744 falla-

174 2827 177 2834 *
283 2788 377 2856 ciam
404 2786 536 2874 sensit,
560 2800 597 2857 et
621 2811 703 2884 quae
729 2801 836 2858 antea
866 2785 1124 2876 diliueaverat‚
1153 2805 1284 2887 postea

281 2902 427 2975 delevit.
455 2902 619 2974 Tandem
646 2903 713 3000 qui
733 2904 892 3002 polypos
917 2903 1088 3002 pituitam
1116 2930 1198 2978 esse
1229 2907 1283 2978 di·

280 3035 433 3107 xerunt,
451 3021 482 3090 si
499 3017 600 3090 aliud
617 3018 691 3090 hoc
717 3021 872 3092 nomine
890 3045 1004 3117 quam
1025 3024 1221 3096 materiam
1238 3051 1282 3097 ex

280 3159 355 3234 qna
373 3151 496 3208 crusta
513 3133 571 3224 fit,
587 3151 765 3207 concreto
783 3139 956 3235 sanguini
968 3138 1153 3229 insidens,
1170 3143 1280 3241 signi-

279 3249 460 3340 ficarunt,
476 3276 554 3323 non
570 3253 620 3324 ita
643 3267 742 3325 certe
757 3253 946 3354 probandi
966 3271 1071 3345 suut,
1093 3271 1137 3327 ut
1157 3259 1279 3355 quiil-

276 3367 352 3438 lam
376 3370 495 3467 ipsam
518 3371 711 3441 materiam
739 3371 1015 3444 intellexerunt.
1037 3377 1158 3466 Quam
1176 3378 1278 3447 euim

277 3484 385 3556 aliam
411 3484 485 3555 hoc
511 3499 681 3583 tempore
708 3489 781 3568 nisi
809 3488 909 3558 illam
936 3492 1128 3561 materiam
1147 3493 1277 3590 polypi

273 3605 502 3700 praecipuam
529 3617 565 3673 et
595 3603 822 3702 peculiarem
851 3629 930 3678 esse
961 3611 1185 3680 censemus?
1216 3627 1278 3682 aut

275 3719 379 3812 quod
395 3718 595 3790 discrimen
608 3722 706 3791 inter
724 3705 806 3792 eam
826 3736 988 3794 crustam
1003 3739 1040 3796 et
1053 3725 1274 3826 polyposam

274 3835 555 3906 concretionem
573 3861 596 3907 a·
611 3837 818 3936 Malpighio
832 3854 868 3912 et
881 3840 1038 3914 Willisio
1053 3843 1272 3917 adnotatum

271 3949 399 4039 luisse,
416 3967 478 4024 aut
492 3977 621 4026 revera
634 3979 733 4044 esse,
748 3971 830 4032 tum
850 3955 922 4032 bos
937 3957 1114 4057 legendo,
1129 3977 1210 4034 tum
1229 3963 1271 4034 il·
