2816 4668
330 417 402 500 400
496 435 543 482 na
569 431 716 482 sanians
740 433 785 480 nr
810 431 936 480 cansra
960 431 1170 482 nonnoann

326 547 425 622 etad
444 571 516 646 pus
533 548 666 618 attinet
680 560 766 645 post
780 546 982 644 pericardii
998 545 1306 623 inflammationem

325 668 367 738 in
386 667 461 739 hoc
487 664 729 750 conclusum,
749 663 910 736 dubium
930 681 987 738 est
1013 667 1107 764 quin
1133 666 1255 738 eadem
1279 671 1311 740 sit

326 809 408 884 quac
423 785 616 881 aliquanto
638 779 757 852 fusius
772 782 887 880 paulo
907 799 993 856 ante
1009 783 1095 856 data
1110 782 1245 874 fuerat,
1261 788 1310 878 §a

326 903 473 976 observ.
490 905 586 972 XIII.
601 905 723 992 Quam
750 899 780 972 si
801 898 867 970 nbi
886 913 965 972 tota
984 899 1175 1000 descripta
1196 900 1308 991 luerat,

324 1020 500 1092 videlicet
514 1033 599 1090 sect.
614 1043 693 1090 non
706 1016 745 1105 3,
759 1015 825 1088 sed
842 1022 886 1104 Δ,
899 1019 1037 1090 observ.
1054 1024 1097 1106 Δ,
1111 1019 1308 1118 perlegeris,

326 1139 513 1237 intelliges
531 1136 579 1208 ad
605 1135 864 1208 membranam
893 1160 1048 1234 quoque
1067 1138 1236 1226 tertiam,
1257 1136 1308 1208 hoc

325 1271 381 1330 est
404 1250 529 1326 ¹cordis
554 1255 772 1353 propriam,
798 1257 875 1324 imo
909 1243 1020 1326 e'tiam
1051 1253 1100 1326 ad
1128 1278 1196 1326 cor
1214 1255 1306 1352 ipsun

325 1397 477 1446 exesum
495 1372 535 1442 in
549 1385 677 1470 parte,
706 1386 744 1443 et
765 1369 975 1444 marcidum
997 1373 1202 1470 pertinere.
1225 1370 1307 1462 Quod

324 1492 355 1562 si
367 1490 520 1562 demum
535 1509 690 1588 quaeras,
700 1489 747 1560 ad
756 1487 855 1562 hanc
868 1488 1130 1562 membranam
1142 1545 1152 1579 ,
1166 1515 1213 1562 an
1223 1488 1307 1587 adpo

322 1607 527 1680 ricardinm
538 1663 548 1696 ,
561 1633 608 1680 an
622 1608 749 1710 potius
763 1606 810 1679 ad
822 1607 932 1678 aliam
950 1607 1117 1705 aliquam
1127 1623 1306 1707 praeterna-

322 1741 466 1816 turam,
483 1727 655 1800 alterutri
669 1727 851 1814 innatam,
864 1740 1008 1824 spectet
1017 1725 1081 1798 illa
1093 1733 1220 1798 tunica
1232 1749 1304 1824 qua

323 1843 413 1916 dam
428 1847 666 1944 superjacens
677 1842 873 1942 prsicordi,
880 1842 1304 1942 plena-humiditasque

323 1961 413 2034 dam
420 1961 528 2054 foedi
538 1961 679 2054 odoris,
692 1986 807 2058 quam
817 1962 998 2050 tunicam,
1009 1985 1093 2032 cum
1107 1974 1304 2060 quaereretur

323 2081 499 2179 syncopis
515 2104 654 2168 causa,
674 2084 713 2150 in
731 2079 954 2152 dissectione
963 2085 1135 2178 eorporis
1147 2085 1301 2152 inventam

322 2223 415 2285 esse,
436 2200 563 2270 testari
580 2198 747 2270 Galenus
767 2198 907 2270 dicitur
919 2191 1069 2270 observ.
1094 2201 1166 2268 XII
1177 2225 1187 2286 ;
1203 2216 1303 2268 vereor

322 2331 366 2386 ut
378 2341 430 2386 ex
444 2315 560 2411 hujus
581 2314 687 2387 libris
706 2315 907 2412 addiscere·
926 2314 965 2386 id
991 2317 1114 2415 possis
1134 2343 1142 2384 ε
1161 2330 1197 2388 et
1214 2311 1299 2409 suspi-

323 2457 406 2519 cor,
424 2435 454 2505 si
468 2432 622 2530 quidem
641 2435 912 2507 commentaria
931 2432 1014 2522 illa,
1027 2433 1132 2506 unde
1152 2432 1226 2504 hacc
1241 2440 1301 2502 sunt

322 2549 527 2648 descripta,
538 2549 727 2624 Philothei
747 2553 821 2625 sint
834 2605 844 2638 ,
859 2567 925 2624 aut
938 2549 1163 2649 Theophili,
1177 2563 1234 2622 aut
1245 2551 1300 2618 Ste-

321 2665 461 2766 phani3
486 2668 601 2739 alium
621 2669 722 2740 enim
749 2669 830 2741 aliis
850 2670 889 2740 in
918 2667 1116 2742 codicibus
1141 2683 1299 2744 auctorem

318 2783 542 2884 praeferunt3
559 2788 755 2884 suspicor,
772 2788 950 2884 inquam,
972 2787 1107 2882 Galelni
1134 2782 1298 2858 librumin

319 2929 398 3003 quo
427 2929 469 2976 ea
495 2929 556 2976 res
583 2905 788 3004 legeretur,
817 2903 1075 2976 intercidisse:
1097 2906 1161 2977 sin·
1183 2915 1297 2982 antem,

319 3047 403 3120 quae
424 3022 589 3094 Galenus
605 3021 660 3118 (1)
678 3022 877 3119 scripserat
899 3021 946 3094 de
963 3023 1143 3094 emaciata
1159 3015 1297 3117 magistu

320 3139 401 3212 dies
419 3142 548 3229 simia,
581 3155 618 3211 et
645 3137 692 3211 de
714 3155 863 3211 tumore
886 3141 927 3210 in
955 3139 1146 3214 ambiente
1167 3140 1239 3236 ejus
1253 3153 1297 3205 cot

318 3258 467 3346 tunica,
486 3257 690 3329 humorem
706 3258 858 3355 qualem'
875 3255 1075 3354 hydatides
1091 3259 1296 3334 continente,

320 3399 364 3446 ea
380 3373 535 3448 fortasse
551 3375 599 3446 ad
615 3399 820 3473 syncopem
842 3390 878 3447 et
893 3373 940 3444 ad
956 3376 1229 3472 graveolentem
1245 3369 1296 3438 hu·

317 3517 465 3564 morem
483 3493 628 3562 incuria
648 3491 815 3589 quadam
837 3515 915 3582 esse
938 3492 1119 3564 traducta.
1141 3491 1208 3564 Sed
1221 3489 1294 3568 haec,

316 3626 528 3708 utcumque
542 3634 581 3681 se
595 3608 773 3696 habeant,
783 3608 1089 3682 observationem
1105 3635 1186 3709 quae
1197 3600 1293 3701 sequi·
1362 3587 1363 3645 l

316 3719 400 3817 tur,
414 3727 509 3799 milri
527 3727 575 3798 ad
590 3727 811 3798 memoriam
830 3725 1075 3799 reduxerunt.

321 3887 1292 3920 mmm

356 3990 400 4068 (r)
421 3993 466 4048 De
481 3987 601 4050 loe-aff·
618 3991 637 4044 Ι.
653 3986 687 4056 5,
701 4008 726 4046 c.
741 4007 768 4046 a.
