2808 4664
162 493 230 541 um.
258 492 299 540 11.
328 492 374 539 ns
400 489 536 540 nonnis
561 489 758 555 rnonscrs,
784 491 896 541 nrrsr.
917 493 1020 543 xxur.
1050 471 1120 544 2113

110 606 374 694 intermisisse,
386 617 622 706 compertum
637 600 754 673 habui
769 629 779 672 v:
799 618 974 678 ettamen
988 608 1122 682 utrius·

110 748 190 822 que
208 722 306 794 senis
326 745 461 820 magna
472 719 606 792 arteria
624 721 739 792 osseis
750 721 852 791 intus
863 720 1013 794 laminis
1027 747 1121 822 prae-

110 839 207 927 dita,
229 839 394 911 valvulas
417 835 580 910 ostendit
602 837 643 906 in
668 829 787 909 altero
806 834 869 907 hic
890 838 968 910 illic
988 837 1119 928 duras,

109 959 153 1030 in
175 956 295 1028 altero
313 957 391 1052 jam
414 956 734 1053 prorsus'osseas,
764 952 965 1045 inflexiles,
991 972 1028 1028 et
1052 981 1122 1030 suo
1169 948 1175 955 ’

108 1077 213 1174 ipsas
227 1097 387 1172 corpore
403 1070 508 1169 quod
520 1069 568 1144 ab
586 1069 723 1143 orificii
737 1070 941 1168 parietibus
951 1073 1121 1164 distabat,

111 1191 323 1264 introrsum
336 1188 644 1289 protuberantes,
665 1189 898 1287 corpusculis
912 1191 1022 1261 etiam
1036 1216 1119 1288 quae

110 1309 152 1380 in
181 1306 307 1380 medio
337 1304 456 1379 limbo
485 1319 589 1392 sunt,
617 1307 753 1395 osseis,
787 1318 824 1376 et
849 1305 949 1377 mole
978 1307 1119 1379 auctis:

111 1440 298 1522 erantque
315 1437 492 1521 praeterea
511 1423 847 1495 mitrales‘valvulae
864 1424 904 1494 in
924 1422 997 1494 hoc
1020 1447 1119 1498 cras·

112 1543 254 1631 siores,
270 1543 310 1611 in
324 1541 388 1612 illo
402 1565 481 1612 non
499 1564 605 1612 secus
618 1565 661 1612 ac
676 1523 936 1628 sestiilunares,
955 1539 1019 1612 hic
1041 1541 1119 1614 illic

114 1659 231 1732 durae.
256 1657 328 1729 Sed
346 1671 384 1728 et
401 1656 478 1727 aliae
499 1670 633 1755 praeter
656 1656 739 1727 illas
766 1657 860 1726 mihi
879 1672 966 1728 sunt
994 1657 1120 1732 obser·

112 1776 306 1860 vationes,
318 1761 447 1844 earum
459 1797 538 1843 non
552 1770 760 1859 absimiles,
778 1771 881 1845 velut
892 1770 990 1868 baec.

171 1917 225 1962 ιι.
241 1891 365 1959 Anum
377 1887 608 1985 decrepitam
626 1909 849 1984 gangraenae,
865 1913 948 1983 quae
959 1903 1045 1986 post
1064 1913 1121 1962 su·

115 2020 292 2108 peratum
310 2020 461 2076 acutum
480 2000 658 2074 morbum
675 2019 952 2091 remanserant,
968 2004 1120 2077 tandem

116 2125 168 2197 ad
189 2127 375 2196 summam
403 2121 562 2193 maciem
592 2135 629 2192 et
650 2121 843 2194 interitum
870 2121 1119 2196 deduxerunt.

113 2245 161 2316 Ei
174 2265 321 2340 semper
339 2265 476 2340 exquo
492 2243 659 2340 primum
673 2239 779 2312 illum
801 2240 976 2313 morbum
996 2267 1119 2316 evase·

115 2373 192 2446 rat,
204 2359 309 2457 parvi
330 2357 548 2456 debilesque
564 2357 695 2457 pulsus
711 2355 874 2448 firerant,
889 2361 1021 2458 primis
1041 2361 1120 2434 die-

113 2475 190 2549 bus
212 2501 291 2547 non
316 2471 553 2571 frequentes,
572 2488 703 2572 postea
724 2490 849 2546 autem
873 2499 958 2550 cum
985 2479 1121 2570 sitiret,

116 2591 358 2692 frequentes,
388 2592 462 2704 sed⁸
487 2615 683 2690 nunquam
718 2593 1029 2684 intermittentes,
1057 2612 1122 2669 aut

116 2711 330 2807 inaequales.
349 2709 459 2782 Nulla
478 2709 602 2782 cordis
622 2709 838 2809 palpitatio,
852 2712 955 2784 nulla
975 2715 1122 2811 spiran-

118 2827 159 2901 di
177 2824 391 2914 difficultas;
402 2827 480 2899 haec
493 2830 593 2900 enim
608 2829 736 2900 omnia
747 2829 981 2927 singillatim,
996 2857 1037 2902 re
1054 2831 1120 2904 ad·
1210 2906 1213 2912 ,

119 2946 199 3018 huc
217 2943 389 3033 recente,
411 2946 563 3044 quaesiri
581 2970 602 3016 a
619 2944 766 3018 medico
788 2947 854 3043 qui
871 2947 974 3018 illam
995 2950 1121 3045 quoti-

122 3061 184 3137 die
205 3064 411 3135 inviserat:
432 3064 583 3160 quaesiri
600 3077 724 3135 autem
752 3078 953 3161 postquam
973 3063 1043 3136 sub
1065 3065 1119 3162 ja-

119 3179 369 3254 n'uariifinem
380 3183 469 3252 anni
486 3181 634 3278 1'739,in
649 3181 841 3278 gymnasio
858 3205 924 3252 oor
936 3180 1017 3278 ejus
1028 3207 1122 3269 anus

122 3297 447 3398 perlustraveram.
467 3302 562 3370 Cum
580 3322 622 3368 ea
641 3296 895 3398 respondisset
910 3323 992 3396 quae
1006 3300 1120 3378 modo

123 3416 255 3514 scripsi
261 3413 440 3504 ,.addidit,
452 3415 498 3488 de
512 3413 705 3487 stomacho
716 3429 860 3485 tantum
876 3432 1120 3514 conquestam

120 3555 200 3606 esse
215 3558 225 3601 :¹
242 3556 319 3630 quo
336 3535 490 3606 nomine
509 3531 730 3631 praecordia,
747 3545 788 3602 ut
806 3533 977 3632 plerique
993 3533 1039 3606 de
1052 3559 1119 3633 po-

119 3650 214 3748 pulo
236 3650 381 3740 solent,
409 3651 633 3723 intellexisse
664 3650 913 3747 conjecimus,
941 3675 1026 3722 cum
1053 3651 1121 3720 ali-

119 3783 247 3841 menta
264 3782 476 3868 appeteret,
494 3767 694 3866 oblataque
718 3782 940 3852 assumeret,
959 3791 1030 3836 nec
1045 3765 1121 3838 dis-

119 3890 232 3958 sectio
252 3887 358 3958 aliter
374 3884 583 3956 indicasset.
606 3889 748 3956 Ventre
769 3885 871 3955 enim
896 3882 1068 3972 recluso,
1090 3884 1122 3954 si

119 4005 281 4105 excipias
295 4019 469 4090 uterum,
488 4025 577 4075 sana
594 3999 743 4076 fuerant
759 4001 907 4088 omnia,
925 4011 968 4070 ut
981 4001 1123 4078 ventri-
