2816 4668
134 471 202 518 am.
231 469 271 516 ιι.
301 467 348 514 nu
374 460 511 522 uonms
538 457 742 522 rnonams,
769 457 881 506 urisr.
911 459 994 504 xxv.
1024 435 1094 512 383

75 584 174 659 illud
201 584 241 654 in
270 580 446 654 dolorem
474 573 762 652 acerbissimum
792 571 998 662 desineret,
1031 577 1097 674 qui

72 705 260 778 continuo
271 699 320 776 ad
341 709 454 796 caput
471 691 678 770 ascendere
696 715 796 788 aegro
816 691 1016 766 videbatur
1032 721 1042 782 ;
1060 711 1097 770 et

71 839 167 896 tune
185 821 288 894 illico
304 818 426 904 visus,
446 813 578 912 pulsus
592 825 629 884 et
642 811 792 888 animus
805 809 1041 886 deficiebant.
1052 820 1098 892 Et

38 1027 41 1032 ,
71 963 297 1041 quanquam
323 937 432 1010 initio
450 957 530 1006 non
549 931 622 1005 nisi
637 931 682 1000 iis
699 953 795 1025 quos
813 927 992 1019 diximus,
1013 958 1097 1004 eor

72 1060 187 1192 poris·
207 1054 376 1133 motibus
403 1052 483 1127 haec
511 1047 776 1134 succederent,
802 1062 933 1145 postea
968 1064 1096 1128 tamen

70 1181 135 1254 vel
161 1179 241 1252 sine
267 1176 347 1249 ullo
365 1186 472 1248 motu
494 1168 567 1246 sibi
588 1163 752 1242 deficere
772 1165 982 1250 videbatur.
1004 1169 1095 1257 Sed,

70 1297 181 1398 qnod
198 1299 339 1371 mirum
356 1307 428 1380 est,
439 1289 486 1364 ad
495 1287 741 1364 violentiores
757 1285 941 1382 quosdam
957 1302 1098 1380 motus,

70 1436 118 1494 ut
137 1433 228 1518 puta
247 1409 534 1488 sternutationis
549 1419 615 1478 aut
632 1406 763 1500 tussis,
783 1404 879 1480 nihil
892 1406 1096 1502 ejusmodi,

69 1554 192 1636 atque
204 1536 299 1612 adeo
311 1533 457 1608 nullam
469 1527 629 1600 omnino
643 1523 857 1620 patiebatur
872 1525 1093 1598 molestiam.

69 1663 284 1757 Nunquam
304 1649 475 1753 spirandi
494 1645 612 1718 ullam
634 1639 895 1717 difficultatem
914 1646 1097 1742 percipie-

69 1779 166 1866 bat;
184 1775 251 1851 sed
273 1771 407 1870 capitis
435 1789 530 1862 saepe
549 1760 684 1836 debilit
686 1775 811 1846 atem,
834 1774 877 1830 ut
905 1761 1097 1834 interdum

74 1896 151 1970 sibi
178 1914 335 1966 casurus
361 1884 579 1967 videretur,
601 1905 642 1950 m
631 1875 825 1954 fulcrum
852 1877 1007 1975 aliquod
1035 1903 1101 1976 ap

76 2012 348 2116 prehenderet.
368 1991 596 2102 Saepeetiam
615 2013 697 2070 tum
715 1995 899 2086 interdiu,
914 2011 994 2072 tum
1006 2021 1099 2072 noc

77 2153 122 2208 tu
147 2127 360 2208 convulsivi
385 2137 511 2196 motus
539 2117 745 2215 aliquando
770 2118 990 2190 uuiversum
1016 2141 1100 2190 cor-

78 2279 169 2352 pus,
186 2250 276 2323 alias
305 2259 452 2344 partem
474 2240 639 2337 aliquam
662 2235 940 2334 corripiebant,
970 2237 1099 2336 palpe-

79 2371 170 2446 bras
205 2364 436 2466 pracsertim,
465 2371 503 2434 et
530 2353 731 2431 brachium
760 2357 974 2430 sinistrum:
993 2379 1098 2430 nunc

81 2487 280 2561 convulsio
293 2484 455 2582 digitum
471 2475 677 2581 quemdam
691 2473 954 2572 prehendebat
964 2499 1098 2551 manus

79 2607 243 2684 dexterae
261 2628 348 2678 cum
367 2599 500 2672 dolore
514 2593 661 2686 :modo
682 2609 816 2691 stupor
829 2591 1000 2666 eamdem
1021 2617 1098 2666 ma·

80 2752 198 2816 num,
216 2740 253 2798 et
266 2747 351 2796 crus
365 2735 511 2806 totum,
528 2715 619 2790 huic
636 2712 875 2812 respondens
892 2741 899 2782 :
921 2739 1100 2785 nonnun-

78 2871 197 2946 quam
217 2858 382 2940 utroque
402 2842 441 2912 in
457 2835 617 2912 brachio
639 2831 828 2908 sentiendi
845 2830 1002 2904 facultas
1016 2858 1099 2903 om-

78 2969 176 3040 nino
199 2960 423 3034 deficiebat:
441 2954 648 3054 aliquando
673 2967 880 3048 utrumque
897 2951 1030 3021 dolore
1051 2949 1099 3020 af-

79 3083 306 3159 ficiebatur:
333 3103 405 3151 nec
427 3099 515 3148 raro
536 3073 585 3146 ad
603 3073 770 3168 sinciput
789 3069 901 3140 dolor
919 3084 1017 3156 erat,
1036 3083 1103 3142 aut

82 3201 365 3276 constrictionis
378 3219 510 3270 sensns
528 3192 576 3266 ad
595 3193 759 3289 occiput.
783 3190 906 3284 Atque
927 3187 1006 3258 haec
1023 3213 1102 3258 om·

83 3323 148 3394 nia
161 3320 378 3418 promiscue
392 3315 439 3386 ad
454 3313 556 3388 diem
576 3335 698 3410 usque
717 3310 852 3380 mortis
865 3331 1008 3405 aegrum
1022 3323 1100 3378 tnr-

85 3442 267 3542 quebant.
285 3445 470 3512 Craterum
487 3434 563 3508 fere
579 3433 626 3506 ad
642 3457 730 3505 eum
745 3455 866 3528 usque
881 3429 980 3500 diem
999 3429 1101 3500 cibo-

86 3587 174 3634 rum
188 3561 397 3660 appetitus,
417 3580 590 3643 somnus,
604 3551 786 3624 naturalis
800 3549 972 3648 corporis
984 3549 1102 3632 color,

86 3695 126 3752 et
144 3679 313 3754 hilaritas
324 3674 505 3773 intrepidi
517 3674 635 3744 animi
646 3671 907 3742 constiterunt.
919 3673 1004 3738 Haec
1015 3691 1103 3737 cum

85 3800 139 3870 ita
170 3823 209 3872 se
241 3795 449 3882 haberent,
483 3791 558 3864 dici
583 3817 662 3862 non
689 3805 833 3890 potest,
861 3789 902 3856 in
941 3800 1036 3884 quot
1067 3799 1105 3858 et

86 3943 202 4017 quam
223 3912 567 3988 varias‘sententias
586 3925 623 3982 et
643 3923 865 4009 praesenteS,
885 3921 923 3976 et
942 3904 1106 3978 consulti

87 4061 158 4134 per
179 4037 322 4133 litteras
342 4033 480 4105 medici
500 4056 580 4102 non
601 4028 726 4102 infimi
750 4027 918 4102 nominis
936 4024 1104 4099 discede-
