2808 4664
115 531 116 534 Ἴ
152 463 217 508 an.
245 461 283 508 11.
311 458 878 524 nruoaa1srnona01s,rr1sr;
906 464 1004 510 xx1v.
1034 439 1099 510 281

104 599 244 646 werum
277 578 671 663 commemoraverim,
702 576 767 671 qui
797 569 837 646 in
869 578 913 648 iis
941 599 1105 674 quorum

102 691 206 762 cordi
216 689 467 789 pericardium
482 689 553 762 luit
564 690 763 778 adnatum,
777 692 928 788 pulsum
945 693 1007 782 hic¹
1019 719 1107 792 par-

105 833 202 895 vum,
221 808 283 879 ille
302 806 459 878 debilem
474 824 510 879 et
521 833 685 906 parvom
706 802 942 881 adnotavere.
968 810 1038 881 Sed
1055 812 1106 878 vi-

105 925 227 996 cissim
261 923 432 996 oblivisci
456 950 534 995 non
572 925 678 996 decet
712 926 943 1013 Dionisium,
978 927 1107 996 Frein-

103 1040 224 1130 dium,
248 1045 404 1138 Fayum,
427 1067 522 1138 qnos
538 1041 602 1126 ,ibi
622 1041 688 1138 (1)
713 1042 853 1139 pariter
874 1041 1043 1129 laudavi,
1065 1042 1105 1112 in

102 1157 287 1254 ejusmodi
307 1182 394 1230 casu
410 1144 559 1256 pulsum
577 1158 858 1247 vehementem,
887 1160 1082 1230 incitatum
1093 1211 1113 1262 ³.

104 1291 140 1346 et
159 1276 413 1374 palpitationi,
442 1301 522 1372 quae
537 1301 671 1375 magna
687 1292 785 1365 erat,
810 1276 1106 1374 respondentem

100 1417 336 1465 memorasse.
356 1391 512 1465 Videtur
535 1395 649 1491 igitur
674 1394 867 1492 quidpiam
891 1393 992 1464 aliud
1012 1392 1103 1488 adji-

100 1507 295 1597 ciendum,
315 1524 472 1580 autnon
490 1509 763 1606 adjiciendum,
778 1526 821 1582 ut
837 1535 946 1582 causa
963 1510 1002 1580 in
1022 1533 1100 1606 spe-

100 1627 195 1696 eiem
215 1626 343 1697 eadem
363 1626 476 1696 modo
498 1626 622 1711 hune,
643 1629 757 1696 modo
783 1627 872 1696 huic
886 1627 1102 1722 oppositum

100 1739 236 1812 efficiat
251 1742 411 1839 pulsum.
430 1747 487 1812 An
502 1765 608 1828 ver0,
626 1755 663 1812 et
680 1741 772 1837 quid
788 1741 975 1836 adjectum
991 1737 1104 1809 fuerit

100 1857 140 1926 in
161 1858 276 1930 trium
296 1882 391 1952 quos
409 1857 610 1928 novissime
628 1857 807 1940 diximus,
830 1856 1030 1926 doctorum
1048 1855 1104 1922 vi-

97 1998 230 2044 rorum
251 1971 593 2062 observationibus,
613 1999 658 2043 ex
674 1974 718 2043 iis
736 1973 877 2069 poteris
893 1973 1102 2066 conjicere,

98 2115 182 2185 quae
198 2091 237 2158 in
251 2073 414 2186 ipsarum
433 2091 600 2162 examine
614 2105 700 2161 sunt
716 2089 887 2161 indicata.
904 2091 990 2160 Non
1003 2111 1102 2159 unus

40 2186 46 2194 ”
73 2262 74 2266 ,
98 2228 254 2301 quoque
269 2205 369 2303 apud
383 2206 563 2277 illustrem
580 2222 772 2277 auctorem
790 2207 984 2288 Senaeium
997 2205 1103 2276 locus

99 2336 173 2410 est,
201 2347 314 2419 quem
344 2338 482 2394 attente
509 2324 726 2422 perlegens,
751 2323 885 2395 melius
911 2322 1029 2420 possis
1054 2321 1101 2393 de

97 2441 218 2510 causis
234 2441 492 2538 oppositorum
502 2443 601 2510 inter
618 2466 655 2512 se
673 2440 851 2538 pulsuum
869 2440 1100 2526 existimare,

96 2571 139 2626 ut
156 2555 221 2626 ubi
236 2556 290 2652 (a)
304 2559 343 2626 in
353 2557 594 2656 palpitatione
609 2558 764 2647 indicat,
784 2559 850 2655 qui
867 2555 949 2628 fieri
963 2558 1097 2652 possit,

94 2688 137 2744 ut
150 2698 235 2744 cum
249 2673 534 2746 vehementibus
545 2676 765 2773 magnisque
778 2674 904 2744 cordis
919 2674 1095 2772 pulsatio-

93 2789 207 2862 nibus
225 2792 358 2888 saepius
375 2791 526 2889 quidem
537 2793 768 2890 pulsationes
782 2793 1002 2862 arteriarum
1013 2816 1025 2885 J
1032 2815 1096 2861 un-

95 2922 232 3004 gantur
255 2907 384 2997 exileS,
409 2933 478 2980 nec
502 2909 646 2998 validae3
676 2931 953 3004 nonnunquam
970 2922 1095 2976 tamen

94 3039 131 3094 et
148 3024 291 3111 validae,
311 3041 348 3098 et
366 3051 526 3125 magnae3
546 3043 610 3100 aut
626 3027 693 3097 ubi
708 3025 782 3124 (3),
808 3023 960 3096 absente
984 3023 1093 3093 etiam

92 3140 353 3238 palpitatione,
373 3144 504 3233 docet,
528 3169 597 3216 cur
620 3145 694 3215 sint
713 3139 917 3238 aliquando
934 3154 1015 3210 tum
1032 3138 1093 3228 hi,-

91 3272 173 3328 tum
202 3259 256 3330 illi
280 3263 499 3332 arteriarum
522 3261 690 3359 pulsusa
715 3257 959 3356 pulmonibus
984 3281 1091 3354 repe·

91 3373 219 3444 tendi:
245 3391 308 3447 aut
328 3378 491 3475 denique
512 3378 578 3449 ubi
601 3377 655 3477 (4)
676 3401 826 3448 omnem
851 3374 897 3446 de
921 3375 1093 3473 pulsibus

126 3690 171 3769 (ι)
191 3693 229 3748 N·
250 3691 295 3748 1⁸·
327 3663 331 3676 *
