2850 4668
226 485 296 533 mn.
323 485 364 532 Η.
392 483 441 530 DE
463 479 598 530 nonnis
622 479 818 545 montem,
843 479 954 530 unlsr.
981 479 1054 528 xx1.
1108 481 1154 529 Η

150 595 317 670 debilem
331 598 375 668 in
388 595 560 668 ciborum
576 594 852 692 potionumque
868 617 939 666 usu
957 595 1160 668 consuetu·

151 715 300 803 dinem3
317 711 422 786 facile
440 712 627 810 intelliges
638 725 822 808 quantum
838 711 919 807 ejus
935 710 1091 784 morbus
1107 711 1155 785 ab

151 859 199 905 eo
210 832 487 928 distaretquem
497 829 551 900 illi
560 819 805 926 descripsere.
815 831 862 899 At
872 828 1155 926 enim,inquies,

153 949 403 1022 conveniebat
422 950 463 1018 in
486 971 531 1018 eo
552 945 655 1044 quod
670 946 733 1015 vix
751 945 902 1034 caloris,
922 942 1081 1018 febrisve
1097 947 1155 1016 in·

152 1066 251 1138 dicia
269 1065 315 1138 de
333 1065 503 1166 periculo
528 1078 750 1151 monerent,
778 1064 885 1160 cujus
904 1064 945 1133 in
968 1064 1096 1162 urina,
1121 1077 1159 1136 et

151 1183 264 1284 pulsu
282 1186 345 1256 vix
362 1173 482 1256 ullum
499 1181 626 1254 aderat
645 1183 874 1279 prasagium.
900 1181 1157 1254 Conveniebat

151 1303 284 1400 utique
298 1330 310 1371 ε.
327 1303 394 1375 etsi
410 1301 457 1372 de
473 1303 709 1397 inexpectato
726 1299 859 1372 mortis
875 1299 1046 1397 periculo
1058 1298 1156 1372 nibil

151 1419 290 1492 babeat
305 1417 601 1516 Sydenhamius,
628 1417 694 1514 qui
714 1430 893 1514 praeterea
911 1413 1046 1489 fatetur
1071 1418 1157 1516 qui-

152 1537 258 1626 dem,
282 1537 387 1608 nulla
411 1534 508 1626 fere,
541 1537 748 1635 praesertim
776 1535 818 1604 in
836 1531 1087 1606 habitioribus
1110 1559 1156 1607 eo

151 1655 288 1727 morbo
307 1652 463 1741 affectis,
478 1676 557 1726 esse
571 1650 861 1742 febris‘indioia3
879 1650 933 1724 ibi
948 1665 1075 1724 tamen
1087 1651 1157 1724 ubi

93 1811 97 1816 ·
152 1773 280 1861 docet,
299 1771 496 1870 quomodo
514 1770 869 1869 peripneumoniam
881 1768 981 1842 bane
997 1768 1157 1842 notham

151 1890 199 1964 ab
217 1892 316 1964 sicco
327 1887 509 1962 asthmate
520 1889 836 1973 internoscimus,
848 1887 888 1955 in
898 1885 980 1974 illa,
997 1887 1064 1975 ait,
1080 1911 1156 1956 ma·

151 2006 287 2079 nifesta
305 2004 436 2091 febris,
449 2017 563 2098 atque
580 1999 885 2088 inflammationis
898 2002 1005 2099 signa·
1017 2025 1055 2073 se
1067 2025 1156 2102 pro·

154 2124 262 2212 dere,
279 2120 450 2220 quamvis
468 2118 615 2190 minora
633 2118 706 2190 sint
721 2117 851 2215 longe,
871 2141 913 2188 ac
936 2117 1157 2193 obscuriora

106 2303 110 2310 .
153 2263 268 2338 quam
285 2241 324 2308 in
336 2261 424 2309 vera
434 2234 759 2336 peripneumonia.
774 2232 846 2305 Sed
857 2231 925 2324 fac,
937 2233 1048 2308 in'his
1060 2260 1155 2334 quo-

152 2384 228 2458 que
246 2347 453 2453 utrumque*
461 2353 684 2452 scriptorem
696 2351 835 2424 interse
846 2353 1004 2424 omnino
1018 2377 1161 2429 conve·

151 2475 249 2566 nire;
261 2499 331 2548 nos
347 2489 473 2546 tamen
488 2472 593 2570 signa
605 2467 808 2568 quaerenda
820 2493 899 2541 esse
916 2469 1153 2563 dicebamus,

151 2616 219 2692 per
235 2617 333 2690 quae,
350 2591 381 2664 si
394 2588 495 2662 idem
505 2588 572 2684 qui
587 2586 764 2658 insidiose
780 2584 876 2656 adeo
888 2585 1154 2660 Vallisnerium

152 2710 319 2798 sustulit,
338 2707 479 2780 rediret
492 2702 669 2793 morbus,
688 2717 854 2791 mature,
873 2717 938 2774 aut
962 2703 1092 2778 saltem
1113 2709 1154 2778 in

150 2825 276 2900 medio
288 2810 401 2898 cursu
412 2811 667 2922 perniciosum
677 2821 759 2916 ejus
770 2821 911 2892 exitum
919 2843 1153 2918 praenoscere

150 2967 365 3044 possemus:
382 2939 487 3039 quod
498 2962 590 3011 num
605 2962 725 3036 perca
737 2961 821 3035 quae
835 2935 1073 3011 tradiderunt
1083 2939 1151 3030 illi,

151 3062 263 3135 nobis
278 3061 405 3150 lineat,
419 3060 497 3156 jam
513 3057 599 3130 satis
615 3054 730 3127 vides.
748 3053 861 3125 Multi
877 3054 980 3126 enim
999 3070 1086 3126 sunt
1102 3055 1150 3128 ab

151 3179 259 3250 initio
285 3175 431 3248 fallaces
452 3172 594 3261 morbi;
614 3169 679 3243 sed
700 3170 798 3242 alius
810 3168 892 3240 aliis
916 3167 1151 3268 dignoscitur

150 3298 261 3369 notis.
276 3295 335 3366 Sic
348 3315 428 3365 nea
445 3291 672 3390 pulmonum
690 3285 982 3359 inflammatione
999 3288 1152 3361 receda-

152 3437 258 3503 mus,
277 3433 391 3509 quam
405 3405 525 3482 fallaci
535 3407 658 3506 specie
674 3405 878 3502 inciperet,
896 3405 1150 3500 qnamexitio·

153 3556 237 3606 sum
254 3531 295 3600 in
305 3525 420 3600 finem
432 3525 620 3598 desineret
631 3521 711 3610 illa,
728 3543 809 3618 quae
822 3543 842 3590 a
854 3521 976 3620 praecb
993 3525 1013 3591 J
1016 3546 1049 3592 o.
1062 3527 1150 3594 Ges-

152 3645 304 3743 nero(1)
321 3643 506 3742 descripta
528 3656 599 3730 est,
624 3638 751 3712 videre
764 3623 916 3736 poteris.
937 3641 981 3708 In
996 3661 1038 3709 ea
1055 3661 1150 3734 quo·

155 3836 1164 3880 W*

192 4022 239 4102 (ι)
259 4022 423 4086 comum
436 4015 525 4078 litter.
538 4033 586 4076 an·
603 4013 697 4090 1743,
712 4009 802 4072 hebd.
816 4008 853 4082 8,
871 4027 907 4066 n.
921 4027 952 4065 r.
