<?xml version="1.0" encoding="UTF-8"?>
<!DOCTYPE html PUBLIC "-//W3C//DTD XHTML 1.0 Transitional//EN"
    "http://www.w3.org/TR/xhtml1/DTD/xhtml1-transitional.dtd">
<html xmlns="http://www.w3.org/1999/xhtml" xml:lang="en" lang="en">
 <head>
  <title>
</title>
<meta http-equiv="Content-Type" content="text/html;charset=utf-8" />
  <meta name='ocr-system' content='tesseract 3.04.00' />
  <meta name='ocr-capabilities' content='ocr_page ocr_carea ocr_par ocr_line ocrx_word'/>
</head>
<body>
  <div class='ocr_page' id='page_1' title='image "./desedibusetcaus01adelgoog_0291.png"; bbox 0 0 2824 4668; ppageno 0'>
   <div class='ocr_carea' id='block_1_1' title="bbox 313 393 1149 468">
    <p class='ocr_par' dir='ltr' id='par_1_1' title="bbox 313 393 1149 468">
     <span class='ocr_line' id='line_1_1' title="bbox 313 393 1149 468; baseline -0.019 -5"><span class='ocrx_word' id='word_1_1' title='bbox 313 393 383 468; x_wconf 80' lang='lat'><strong>302</strong></span> <span class='ocrx_word' id='word_1_2' title='bbox 476 411 523 456; x_wconf 79' lang='lat' dir='ltr'><strong>ur</strong></span> <span class='ocrx_word' id='word_1_3' title='bbox 548 402 695 459; x_wconf 73' lang='lat' dir='ltr'><strong>stultus</strong></span> <span class='ocrx_word' id='word_1_4' title='bbox 719 403 763 450; x_wconf 75' lang='lat' dir='ltr'><strong>er</strong></span> <span class='ocrx_word' id='word_1_5' title='bbox 787 398 912 456; x_wconf 73' lang='lat' dir='ltr'><strong>caune</strong></span> <span class='ocrx_word' id='word_1_6' title='bbox 938 399 1149 454; x_wconf 76' lang='lat' dir='ltr'><strong>uoruoanu</strong></span> 
     </span>
    </p>
   </div>
   <div class='ocr_carea' id='block_1_2' title="bbox 225 490 1408 3682">
    <p class='ocr_par' dir='ltr' id='par_1_2' title="bbox 312 490 1408 2598">
     <span class='ocr_line' id='line_1_2' title="bbox 312 490 1403 618; baseline -0.009 -19"><span class='ocrx_word' id='word_1_7' title='bbox 312 528 434 604; x_wconf 88' lang='lat' dir='ltr'><strong>multo</strong></span> <span class='ocrx_word' id='word_1_8' title='bbox 458 523 580 596; x_wconf 86' lang='lat' dir='ltr'><strong>rarior</strong></span> <span class='ocrx_word' id='word_1_9' title='bbox 604 515 830 590; x_wconf 83' lang='lat' dir='ltr'><strong>intermissio</strong></span> <span class='ocrx_word' id='word_1_10' title='bbox 859 511 956 588; x_wconf 80' lang='lat' dir='ltr'><strong>facta</strong></span> <span class='ocrx_word' id='word_1_11' title='bbox 978 529 1056 603; x_wconf 88' lang='lat' dir='ltr'><strong>est,</strong></span> <span class='ocrx_word' id='word_1_12' title='bbox 1083 516 1215 592; x_wconf 89' lang='lat' dir='ltr'><strong>donec</strong></span> <span class='ocrx_word' id='word_1_13' title='bbox 1243 521 1331 618; x_wconf 77' lang='lat' dir='ltr'><strong>ipso</strong></span> <span class='ocrx_word' id='word_1_14' title='bbox 1402 490 1403 506; x_wconf 31' lang='lat'><em>³</em></span> 
     </span>
     <span class='ocr_line' id='line_1_3' title="bbox 313 634 1333 738; baseline -0.005 -19"><span class='ocrx_word' id='word_1_15' title='bbox 313 645 465 730; x_wconf 84' lang='lat' dir='ltr'><strong>taudem</strong></span> <span class='ocrx_word' id='word_1_16' title='bbox 486 639 661 738; x_wconf 83' lang='lat' dir='ltr'><strong>neglectu</strong></span> <span class='ocrx_word' id='word_1_17' title='bbox 684 657 840 734; x_wconf 85' lang='lat' dir='ltr'><strong>prorsus</strong></span> <span class='ocrx_word' id='word_1_18' title='bbox 866 635 1030 706; x_wconf 84' lang='lat' dir='ltr'><strong>evanuit.</strong></span> <span class='ocrx_word' id='word_1_19' title='bbox 1054 634 1127 708; x_wconf 92' lang='lat' dir='ltr'><strong>Sed</strong></span> <span class='ocrx_word' id='word_1_20' title='bbox 1153 661 1240 710; x_wconf 85' lang='lat' dir='ltr'><strong>uon</strong></span> <span class='ocrx_word' id='word_1_21' title='bbox 1265 665 1333 714; x_wconf 88' lang='lat' dir='ltr'><strong>eos</strong></span> 
     </span>
     <span class='ocr_line' id='line_1_4' title="bbox 313 750 1331 852; baseline -0.008 -16"><span class='ocrx_word' id='word_1_22' title='bbox 313 779 458 848; x_wconf 86' lang='lat' dir='ltr'><strong>tantum</strong></span> <span class='ocrx_word' id='word_1_23' title='bbox 474 780 611 832; x_wconf 89' lang='lat' dir='ltr'><strong>nervos</strong></span> <span class='ocrx_word' id='word_1_24' title='bbox 623 755 690 852; x_wconf 91' lang='lat' dir='ltr'><strong>qui</strong></span> <span class='ocrx_word' id='word_1_25' title='bbox 702 777 769 824; x_wconf 87' lang='lat' dir='ltr'><strong>cor</strong></span> <span class='ocrx_word' id='word_1_26' title='bbox 781 750 923 826; x_wconf 89' lang='lat' dir='ltr'><strong>adeunt</strong></span> <span class='ocrx_word' id='word_1_27' title='bbox 934 805 944 842; x_wconf 89' lang='lat'><strong>,</strong></span> <span class='ocrx_word' id='word_1_28' title='bbox 956 777 1088 827; x_wconf 83' lang='lat' dir='ltr'><strong>verum</strong></span> <span class='ocrx_word' id='word_1_29' title='bbox 1103 754 1202 828; x_wconf 87' lang='lat' dir='ltr'><strong>alios</strong></span> <span class='ocrx_word' id='word_1_30' title='bbox 1216 757 1331 828; x_wconf 87' lang='lat' dir='ltr'><strong>etiam</strong></span> 
     </span>
     <span class='ocr_line' id='line_1_5' title="bbox 316 868 1332 980; baseline -0.007 -27"><span class='ocrx_word' id='word_1_31' title='bbox 316 883 384 980; x_wconf 92' lang='lat' dir='ltr'><strong>qui</strong></span> <span class='ocrx_word' id='word_1_32' title='bbox 408 876 554 962; x_wconf 84' lang='lat' dir='ltr'><strong>arteriis</strong></span> <span class='ocrx_word' id='word_1_33' title='bbox 581 887 644 944; x_wconf 92' lang='lat' dir='ltr'><strong>aut</strong></span> <span class='ocrx_word' id='word_1_34' title='bbox 673 869 853 947; x_wconf 85' lang='lat' dir='ltr'><strong>musculis</strong></span> <span class='ocrx_word' id='word_1_35' title='bbox 877 870 945 966; x_wconf 90' lang='lat' dir='ltr'><strong>qui</strong></span> <span class='ocrx_word' id='word_1_36' title='bbox 969 868 1029 944; x_wconf 87' lang='lat' dir='ltr'><strong>his</strong></span> <span class='ocrx_word' id='word_1_37' title='bbox 1052 889 1332 970; x_wconf 83' lang='lat' dir='ltr'><strong>apponuntur,</strong></span> 
     </span>
     <span class='ocr_line' id='line_1_6' title="bbox 322 987 1330 1090; baseline -0.01 -18"><span class='ocrx_word' id='word_1_38' title='bbox 322 996 547 1078; x_wconf 87' lang='lat' dir='ltr'><strong>&#39;userviunt‚</strong></span> <span class='ocrx_word' id='word_1_39' title='bbox 563 1013 693 1062; x_wconf 87' lang='lat' dir='ltr'><strong>earum</strong></span> <span class='ocrx_word' id='word_1_40' title='bbox 706 987 850 1058; x_wconf 81' lang='lat' dir='ltr'><strong>variare</strong></span> <span class='ocrx_word' id='word_1_41' title='bbox 869 1001 996 1064; x_wconf 86' lang='lat' dir='ltr'><strong>motus</strong></span> <span class='ocrx_word' id='word_1_42' title='bbox 1010 1013 1144 1086; x_wconf 84' lang='lat' dir='ltr'><strong>posse,</strong></span> <span class='ocrx_word' id='word_1_43' title='bbox 1168 1015 1216 1064; x_wconf 81' lang='lat' dir='ltr'><strong>ex</strong></span> <span class='ocrx_word' id='word_1_44' title='bbox 1233 1017 1330 1090; x_wconf 82' lang='lat' dir='ltr'><strong>aegro</strong></span> 
     </span>
     <span class='ocr_line' id='line_1_7' title="bbox 317 1104 1330 1207; baseline -0.007 -20"><span class='ocrx_word' id='word_1_45' title='bbox 317 1113 455 1199; x_wconf 89' lang='lat' dir='ltr'><strong>didici,</strong></span> <span class='ocrx_word' id='word_1_46' title='bbox 475 1109 541 1207; x_wconf 89' lang='lat' dir='ltr'><strong>qui</strong></span> <span class='ocrx_word' id='word_1_47' title='bbox 558 1131 646 1179; x_wconf 86' lang='lat' dir='ltr'><strong>cum</strong></span> <span class='ocrx_word' id='word_1_48' title='bbox 662 1104 870 1204; x_wconf 86' lang='lat' dir='ltr'><strong>gravissimi</strong></span> <span class='ocrx_word' id='word_1_49' title='bbox 889 1104 1016 1176; x_wconf 87' lang='lat' dir='ltr'>morbi</span> <span class='ocrx_word' id='word_1_50' title='bbox 1032 1106 1256 1202; x_wconf 86' lang='lat' dir='ltr'><strong>periculum</strong></span> <span class='ocrx_word' id='word_1_51' title='bbox 1272 1112 1330 1180; x_wconf 83' lang='lat' dir='ltr'><strong>vix</strong></span> 
     </span>
     <span class='ocr_line' id='line_1_8' title="bbox 317 1221 1329 1325; baseline -0.002 -23"><span class='ocrx_word' id='word_1_52' title='bbox 317 1231 510 1312; x_wconf 84' lang='lat' dir='ltr'><strong>evasisset,</strong></span> <span class='ocrx_word' id='word_1_53' title='bbox 529 1247 663 1322; x_wconf 85' lang='lat' dir='ltr'><strong>magna</strong></span> <span class='ocrx_word' id='word_1_54' title='bbox 689 1221 739 1299; x_wconf 86' lang='lat' dir='ltr'><strong>ob</strong></span> <span class='ocrx_word' id='word_1_55' title='bbox 766 1221 964 1300; x_wconf 88' lang='lat' dir='ltr'><strong>adversum</strong></span> <span class='ocrx_word' id='word_1_56' title='bbox 982 1225 1164 1301; x_wconf 86' lang='lat' dir='ltr'><strong>nuntium</strong></span> <span class='ocrx_word' id='word_1_57' title='bbox 1182 1227 1329 1325; x_wconf 89' lang='lat' dir='ltr'><strong>impor-</strong></span> 
     </span>
     <span class='ocr_line' id='line_1_9' title="bbox 316 1337 1406 1442; baseline -0.007 -16"><span class='ocrx_word' id='word_1_58' title='bbox 316 1367 409 1426; x_wconf 82' lang='lat' dir='ltr'><strong>tune</strong></span> <span class='ocrx_word' id='word_1_59' title='bbox 436 1345 601 1418; x_wconf 87' lang='lat' dir='ltr'><strong>delatum</strong></span> <span class='ocrx_word' id='word_1_60' title='bbox 621 1341 797 1427; x_wconf 79' lang='lat' dir='ltr'><strong>moestitia</strong></span> <span class='ocrx_word' id='word_1_61' title='bbox 826 1337 1006 1430; x_wconf 85' lang='lat' dir='ltr'><strong>affectus,</strong></span> <span class='ocrx_word' id='word_1_62' title='bbox 1026 1366 1151 1439; x_wconf 90' lang='lat' dir='ltr'><strong>eoque</strong></span> <span class='ocrx_word' id='word_1_63' title='bbox 1169 1346 1330 1442; x_wconf 87' lang='lat' dir='ltr'><strong>majori,</strong></span> <span class='ocrx_word' id='word_1_64' title='bbox 1405 1437 1406 1440; x_wconf 8' lang='grc' dir='ltr'><strong>Ἴ</strong></span> 
     </span>
     <span class='ocr_line' id='line_1_10' title="bbox 319 1455 1332 1568; baseline -0.006 -31"><span class='ocrx_word' id='word_1_65' title='bbox 319 1455 399 1568; x_wconf 86' lang='lat' dir='ltr'><strong>quo¹</strong></span> <span class='ocrx_word' id='word_1_66' title='bbox 413 1469 530 1560; x_wconf 87' lang='lat' dir='ltr'><strong>magis</strong></span> <span class='ocrx_word' id='word_1_67' title='bbox 550 1461 649 1532; x_wconf 84' lang='lat' dir='ltr'><strong>hanc</strong></span> <span class='ocrx_word' id='word_1_68' title='bbox 661 1458 855 1543; x_wconf 84' lang='lat' dir='ltr'><strong>occultare</strong></span> <span class='ocrx_word' id='word_1_69' title='bbox 870 1457 1099 1549; x_wconf 87' lang='lat' dir='ltr'><strong>conabatur,</strong></span> <span class='ocrx_word' id='word_1_70' title='bbox 1119 1461 1221 1539; x_wconf 77' lang='lat' dir='ltr'><strong>mihi</strong></span> <span class='ocrx_word' id='word_1_71' title='bbox 1240 1463 1332 1542; x_wconf 84' lang='lat' dir='ltr'>nihil</span> 
     </span>
     <span class='ocr_line' id='line_1_11' title="bbox 318 1573 1331 1680; baseline 0.003 -24"><span class='ocrx_word' id='word_1_72' title='bbox 318 1585 392 1658; x_wconf 89' lang='lat' dir='ltr'><strong>tale</strong></span> <span class='ocrx_word' id='word_1_73' title='bbox 410 1579 621 1679; x_wconf 85' lang='lat' dir='ltr'>expectanti</span> <span class='ocrx_word' id='word_1_74' title='bbox 642 1575 774 1674; x_wconf 87' lang='lat' dir='ltr'><strong>pulsus</strong></span> <span class='ocrx_word' id='word_1_75' title='bbox 791 1573 963 1680; x_wconf 77' lang='lat' dir='ltr'><strong>exhibuit</strong></span> <span class='ocrx_word' id='word_1_76' title='bbox 977 1576 1145 1674; x_wconf 84' lang='lat' dir='ltr'><strong>primum</strong></span> <span class='ocrx_word' id='word_1_77' title='bbox 1163 1592 1331 1680; x_wconf 66' lang='lat' dir='ltr'><strong>utroque</strong></span> 
     </span>
     <span class='ocr_line' id='line_1_12' title="bbox 321 1692 1331 1798; baseline -0.01 -20"><span class='ocrx_word' id='word_1_78' title='bbox 321 1704 361 1780; x_wconf 87' lang='lat' dir='ltr'><strong>iu</strong></span> <span class='ocrx_word' id='word_1_79' title='bbox 378 1724 513 1798; x_wconf 89' lang='lat' dir='ltr'><strong>carpo,</strong></span> <span class='ocrx_word' id='word_1_80' title='bbox 528 1695 662 1774; x_wconf 86' lang='lat' dir='ltr'><strong>diebus</strong></span> <span class='ocrx_word' id='word_1_81' title='bbox 674 1707 799 1766; x_wconf 85' lang='lat' dir='ltr'><strong>autem</strong></span> <span class='ocrx_word' id='word_1_82' title='bbox 817 1692 1106 1790; x_wconf 82' lang='lat' dir='ltr'>insequentibus</span> <span class='ocrx_word' id='word_1_83' title='bbox 1122 1696 1164 1766; x_wconf 92' lang='lat' dir='ltr'><strong>in</strong></span> <span class='ocrx_word' id='word_1_84' title='bbox 1178 1697 1331 1773; x_wconf 85' lang='lat' dir='ltr'><strong>sinistro</strong></span> 
     </span>
     <span class='ocr_line' id='line_1_13' title="bbox 319 1811 1330 1914; baseline -0.01 -19"><span class='ocrx_word' id='word_1_85' title='bbox 319 1834 488 1906; x_wconf 87' lang='lat' dir='ltr'><strong>tantum,</strong></span> <span class='ocrx_word' id='word_1_86' title='bbox 509 1816 614 1887; x_wconf 90' lang='lat' dir='ltr'><strong>omni</strong></span> <span class='ocrx_word' id='word_1_87' title='bbox 630 1827 829 1911; x_wconf 82' lang='lat' dir='ltr'><strong>peccantes</strong></span> <span class='ocrx_word' id='word_1_88' title='bbox 849 1811 1145 1908; x_wconf 75' lang='lat' dir='ltr'><strong>inaquahtatum</strong></span> <span class='ocrx_word' id='word_1_89' title='bbox 1172 1840 1330 1914; x_wconf 78' lang='lat' dir='ltr'><strong>genere,</strong></span> 
     </span>
     <span class='ocr_line' id='line_1_14' title="bbox 320 1928 1408 2028; baseline -0.006 -18"><span class='ocrx_word' id='word_1_90' title='bbox 320 1952 364 2016; x_wconf 86' lang='lat' dir='ltr'><strong>ut</strong></span> <span class='ocrx_word' id='word_1_91' title='bbox 377 1962 462 2008; x_wconf 92' lang='lat' dir='ltr'><strong>cum</strong></span> <span class='ocrx_word' id='word_1_92' title='bbox 474 1937 514 2022; x_wconf 86' lang='lat' dir='ltr'><strong>in</strong></span> <span class='ocrx_word' id='word_1_93' title='bbox 523 1934 678 2007; x_wconf 86' lang='lat' dir='ltr'><strong>dextero</strong></span> <span class='ocrx_word' id='word_1_94' title='bbox 689 1944 813 2006; x_wconf 86' lang='lat' dir='ltr'><strong>essent</strong></span> <span class='ocrx_word' id='word_1_95' title='bbox 828 1928 963 2002; x_wconf 88' lang='lat' dir='ltr'><strong>eodem</strong></span> <span class='ocrx_word' id='word_1_96' title='bbox 979 1943 1152 2028; x_wconf 84' lang='lat' dir='ltr'><strong>tempore</strong></span> <span class='ocrx_word' id='word_1_97' title='bbox 1169 1936 1328 2017; x_wconf 78' lang='lat' dir='ltr'><strong>maxims</strong></span> <span class='ocrx_word' id='word_1_98' title='bbox 1407 2003 1408 2012; x_wconf 69' lang='grc'>,</span> 
     </span>
     <span class='ocr_line' id='line_1_15' title="bbox 321 2048 1328 2152; baseline -0.007 -23"><span class='ocrx_word' id='word_1_99' title='bbox 321 2055 499 2152; x_wconf 86' lang='lat' dir='ltr'><strong>aequales,</strong></span> <span class='ocrx_word' id='word_1_100' title='bbox 516 2055 762 2149; x_wconf 87' lang='lat' dir='ltr'><strong>perspicuum</strong></span> <span class='ocrx_word' id='word_1_101' title='bbox 777 2061 893 2136; x_wconf 87' lang='lat' dir='ltr'><strong>esset,</strong></span> <span class='ocrx_word' id='word_1_102' title='bbox 910 2071 1059 2122; x_wconf 85' lang='lat' dir='ltr'><strong>causam</strong></span> <span class='ocrx_word' id='word_1_103' title='bbox 1076 2048 1124 2123; x_wconf 86' lang='lat' dir='ltr'><strong>ad</strong></span> <span class='ocrx_word' id='word_1_104' title='bbox 1142 2051 1328 2132; x_wconf 77' lang='lat' dir='ltr'>sinistram</span> 
     </span>
     <span class='ocr_line' id='line_1_16' title="bbox 322 2165 1328 2267; baseline -0.002 -22"><span class='ocrx_word' id='word_1_105' title='bbox 322 2174 503 2250; x_wconf 83' lang='lat' dir='ltr'><strong>duntaxat</strong></span> <span class='ocrx_word' id='word_1_106' title='bbox 521 2166 753 2242; x_wconf 85' lang='lat' dir='ltr'><strong>brachialem</strong></span> <span class='ocrx_word' id='word_1_107' title='bbox 774 2165 949 2262; x_wconf 83' lang='lat' dir='ltr'><strong>arteriam</strong></span> <span class='ocrx_word' id='word_1_108' title='bbox 966 2167 1142 2258; x_wconf 79' lang='lat' dir='ltr'><strong>attinere,</strong></span> <span class='ocrx_word' id='word_1_109' title='bbox 1157 2193 1245 2265; x_wconf 83' lang='lat' dir='ltr'><strong>quae</strong></span> <span class='ocrx_word' id='word_1_110' title='bbox 1257 2171 1328 2267; x_wconf 72' lang='lat' dir='ltr'><strong>ipss</strong></span> 
     </span>
     <span class='ocr_line' id='line_1_17' title="bbox 324 2284 1328 2389; baseline -0.002 -28"><span class='ocrx_word' id='word_1_111' title='bbox 324 2313 487 2389; x_wconf 85' lang='lat' dir='ltr'><strong>quoque</strong></span> <span class='ocrx_word' id='word_1_112' title='bbox 500 2310 590 2360; x_wconf 82' lang='lat' dir='ltr'><strong>mox</strong></span> <span class='ocrx_word' id='word_1_113' title='bbox 604 2285 725 2360; x_wconf 89' lang='lat' dir='ltr'><strong>levato</strong></span> <span class='ocrx_word' id='word_1_114' title='bbox 745 2293 929 2370; x_wconf 78' lang='lat' dir='ltr'><strong>moerore,</strong></span> <span class='ocrx_word' id='word_1_115' title='bbox 950 2284 1152 2382; x_wconf 81' lang='lat' dir='ltr'><strong>nervisque</strong></span> <span class='ocrx_word' id='word_1_116' title='bbox 1169 2286 1222 2360; x_wconf 86' lang='lat' dir='ltr'><strong>ad</strong></span> <span class='ocrx_word' id='word_1_117' title='bbox 1244 2290 1328 2386; x_wconf 87' lang='lat' dir='ltr'><strong>pris·</strong></span> 
     </span>
     <span class='ocr_line' id='line_1_18' title="bbox 323 2399 1327 2502; baseline 0 -24"><span class='ocrx_word' id='word_1_118' title='bbox 323 2409 441 2483; x_wconf 87' lang='lat' dir='ltr'><strong>tinam</strong></span> <span class='ocrx_word' id='word_1_119' title='bbox 459 2404 746 2502; x_wconf 86' lang='lat' dir='ltr'><strong>dispositionem</strong></span> <span class='ocrx_word' id='word_1_120' title='bbox 774 2399 1040 2492; x_wconf 79' lang='lat' dir='ltr'><strong>redeuntibus,</strong></span> <span class='ocrx_word' id='word_1_121' title='bbox 1059 2401 1107 2484; x_wconf 77' lang='lat' dir='ltr'><strong>ad</strong></span> <span class='ocrx_word' id='word_1_122' title='bbox 1138 2406 1327 2488; x_wconf 78' lang='lat' dir='ltr'><strong>naturales</strong></span> 
     </span>
     <span class='ocr_line' id='line_1_19' title="bbox 322 2521 586 2598; baseline -0.027 -3"><span class='ocrx_word' id='word_1_123' title='bbox 322 2539 448 2598; x_wconf 90' lang='lat' dir='ltr'><strong>motus</strong></span> <span class='ocrx_word' id='word_1_124' title='bbox 465 2521 586 2594; x_wconf 91' lang='lat' dir='ltr'><strong>rediit.</strong></span> 
     </span>
    </p>

    <p class='ocr_par' dir='ltr' id='par_1_3' title="bbox 225 2635 1331 3682">
     <span class='ocr_line' id='line_1_20' title="bbox 375 2635 1329 2734; baseline -0.004 -18"><span class='ocrx_word' id='word_1_125' title='bbox 375 2669 430 2716; x_wconf 76' lang='lat'><strong>21.</strong></span> <span class='ocrx_word' id='word_1_126' title='bbox 453 2647 635 2714; x_wconf 85' lang='lat' dir='ltr'><strong>Caeterum</strong></span> <span class='ocrx_word' id='word_1_127' title='bbox 648 2660 735 2708; x_wconf 86' lang='lat' dir='ltr'><strong>cum</strong></span> <span class='ocrx_word' id='word_1_128' title='bbox 748 2635 927 2734; x_wconf 88' lang='lat' dir='ltr'><strong>pulsuum</strong></span> <span class='ocrx_word' id='word_1_129' title='bbox 940 2637 1169 2716; x_wconf 86' lang='lat' dir='ltr'><strong>intermissio</strong></span> <span class='ocrx_word' id='word_1_130' title='bbox 1183 2655 1329 2720; x_wconf 87' lang='lat' dir='ltr'><strong>estnon</strong></span> 
     </span>
     <span class='ocr_line' id='line_1_21' title="bbox 225 2753 1330 2861; baseline -0.003 -27"><span class='ocrx_word' id='word_1_131' title='bbox 225 2853 229 2861; x_wconf 27' lang='grc' dir='ltr'>Ι</span> <span class='ocrx_word' id='word_1_132' title='bbox 325 2759 657 2858; x_wconf 83' lang='lat' dir='ltr'><strong>abimpedimeuto</strong></span> <span class='ocrx_word' id='word_1_133' title='bbox 666 2767 729 2828; x_wconf 91' lang='lat' dir='ltr'><strong>aut</strong></span> <span class='ocrx_word' id='word_1_134' title='bbox 739 2754 975 2838; x_wconf 82' lang='lat' dir='ltr'><strong>irritamento</strong></span> <span class='ocrx_word' id='word_1_135' title='bbox 985 2753 1137 2832; x_wconf 85' lang='lat' dir='ltr'><strong>aliunde</strong></span> <span class='ocrx_word' id='word_1_136' title='bbox 1146 2754 1330 2853; x_wconf 79' lang='lat' dir='ltr'><strong>profecto,</strong></span> 
     </span>
     <span class='ocr_line' id='line_1_22' title="bbox 326 2871 1331 2975; baseline -0.016 -23"><span class='ocrx_word' id='word_1_137' title='bbox 326 2877 390 2952; x_wconf 92' lang='lat' dir='ltr'><strong>sed</strong></span> <span class='ocrx_word' id='word_1_138' title='bbox 405 2902 426 2952; x_wconf 87' lang='lat' dir='ltr'><strong>a</strong></span> <span class='ocrx_word' id='word_1_139' title='bbox 439 2901 568 2965; x_wconf 85' lang='lat' dir='ltr'><strong>causa,</strong></span> <span class='ocrx_word' id='word_1_140' title='bbox 582 2899 663 2971; x_wconf 88' lang='lat' dir='ltr'><strong>quae</strong></span> <span class='ocrx_word' id='word_1_141' title='bbox 675 2871 843 2957; x_wconf 80' lang='lat' dir='ltr'><strong>incorde</strong></span> <span class='ocrx_word' id='word_1_142' title='bbox 861 2874 944 2969; x_wconf 88' lang='lat' dir='ltr'><strong>ipso</strong></span> <span class='ocrx_word' id='word_1_143' title='bbox 965 2887 1029 2964; x_wconf 76' lang='lat' dir='ltr'><strong>aut</strong></span> <span class='ocrx_word' id='word_1_144' title='bbox 1046 2875 1226 2970; x_wconf 77' lang='lat' dir='ltr'><strong>proximo</strong></span> <span class='ocrx_word' id='word_1_145' title='bbox 1238 2901 1331 2975; x_wconf 70' lang='lat' dir='ltr'><strong>mag.</strong></span> 
     </span>
     <span class='ocr_line' id='line_1_23' title="bbox 323 2989 1328 3086; baseline -0.001 -17"><span class='ocrx_word' id='word_1_146' title='bbox 323 3024 380 3071; x_wconf 87' lang='lat' dir='ltr'><strong>nae</strong></span> <span class='ocrx_word' id='word_1_147' title='bbox 399 2996 541 3068; x_wconf 86' lang='lat' dir='ltr'><strong>arteriae</strong></span> <span class='ocrx_word' id='word_1_148' title='bbox 551 3008 709 3080; x_wconf 86' lang='lat' dir='ltr'><strong>trunco,</strong></span> <span class='ocrx_word' id='word_1_149' title='bbox 727 3005 791 3065; x_wconf 92' lang='lat' dir='ltr'><strong>aut</strong></span> <span class='ocrx_word' id='word_1_150' title='bbox 804 2989 851 3068; x_wconf 77' lang='lat' dir='ltr'><strong>ad</strong></span> <span class='ocrx_word' id='word_1_151' title='bbox 864 2990 1088 3069; x_wconf 84' lang='lat' dir='ltr'><strong>alterutrum</strong></span> <span class='ocrx_word' id='word_1_152' title='bbox 1101 2993 1328 3086; x_wconf 80' lang='lat' dir='ltr'><strong>innascatur,</strong></span> 
     </span>
     <span class='ocr_line' id='line_1_24' title="bbox 324 3099 1328 3213; baseline -0.005 -25"><span class='ocrx_word' id='word_1_153' title='bbox 324 3118 452 3213; x_wconf 82' lang='lat' dir='ltr'><strong>magni</strong></span> <span class='ocrx_word' id='word_1_154' title='bbox 474 3137 555 3187; x_wconf 91' lang='lat' dir='ltr'><strong>eam</strong></span> <span class='ocrx_word' id='word_1_155' title='bbox 582 3108 703 3184; x_wconf 85' lang='lat' dir='ltr'><strong>facere</strong></span> <span class='ocrx_word' id='word_1_156' title='bbox 724 3099 928 3208; x_wconf 85' lang='lat' dir='ltr'><strong>opportere</strong></span> <span class='ocrx_word' id='word_1_157' title='bbox 944 3106 1139 3188; x_wconf 81' lang='lat' dir='ltr'><strong>fatendum</strong></span> <span class='ocrx_word' id='word_1_158' title='bbox 1169 3127 1241 3184; x_wconf 82' lang='lat' dir='ltr'><strong>est.</strong></span> <span class='ocrx_word' id='word_1_159' title='bbox 1266 3117 1328 3193; x_wconf 75' lang='lat' dir='ltr'><strong>Po·</strong></span> 
     </span>
     <span class='ocr_line' id='line_1_25' title="bbox 324 3227 1330 3327; baseline -0.008 -20"><span class='ocrx_word' id='word_1_160' title='bbox 324 3247 396 3307; x_wconf 88' lang='lat' dir='ltr'><strong>test</strong></span> <span class='ocrx_word' id='word_1_161' title='bbox 413 3247 537 3306; x_wconf 86' lang='lat' dir='ltr'><strong>autem</strong></span> <span class='ocrx_word' id='word_1_162' title='bbox 557 3227 773 3325; x_wconf 84' lang='lat' dir='ltr'><strong>multiplex,</strong></span> <span class='ocrx_word' id='word_1_163' title='bbox 789 3227 950 3300; x_wconf 73' lang='lat' dir='ltr'><strong>aeraria</strong></span> <span class='ocrx_word' id='word_1_164' title='bbox 967 3251 1065 3312; x_wconf 89' lang='lat' dir='ltr'><strong>esse,</strong></span> <span class='ocrx_word' id='word_1_165' title='bbox 1090 3241 1128 3305; x_wconf 89' lang='lat' dir='ltr'><strong>et</strong></span> <span class='ocrx_word' id='word_1_166' title='bbox 1143 3228 1185 3310; x_wconf 78' lang='lat' dir='ltr'><strong>in</strong></span> <span class='ocrx_word' id='word_1_167' title='bbox 1200 3231 1330 3327; x_wconf 84' lang='lat' dir='ltr'><strong>primis</strong></span> 
     </span>
     <span class='ocr_line' id='line_1_26' title="bbox 324 3344 1328 3447; baseline -0.002 -25"><span class='ocrx_word' id='word_1_168' title='bbox 324 3349 386 3422; x_wconf 88' lang='lat' dir='ltr'><strong>illa</strong></span> <span class='ocrx_word' id='word_1_169' title='bbox 396 3352 478 3447; x_wconf 87' lang='lat' dir='ltr'><strong>ipsa</strong></span> <span class='ocrx_word' id='word_1_170' title='bbox 492 3347 710 3422; x_wconf 84' lang='lat' dir='ltr'><strong>constitutio</strong></span> <span class='ocrx_word' id='word_1_171' title='bbox 719 3344 953 3423; x_wconf 83' lang='lat' dir='ltr'><strong>valvularum</strong></span> <span class='ocrx_word' id='word_1_172' title='bbox 964 3345 1271 3438; x_wconf 85' lang='lat' dir='ltr'><strong>semiluuarium‚</strong></span> <span class='ocrx_word' id='word_1_173' title='bbox 1286 3348 1328 3420; x_wconf 82' lang='lat' dir='ltr'><strong>de</strong></span> 
     </span>
     <span class='ocr_line' id='line_1_27' title="bbox 327 3463 1329 3564; baseline 0 -26"><span class='ocrx_word' id='word_1_174' title='bbox 327 3491 400 3563; x_wconf 87' lang='lat' dir='ltr'><strong>qua</strong></span> <span class='ocrx_word' id='word_1_175' title='bbox 420 3465 532 3564; x_wconf 90' lang='lat' dir='ltr'><strong>paulo</strong></span> <span class='ocrx_word' id='word_1_176' title='bbox 549 3480 635 3539; x_wconf 90' lang='lat' dir='ltr'><strong>ante</strong></span> <span class='ocrx_word' id='word_1_177' title='bbox 653 3463 861 3563; x_wconf 89' lang='lat' dir='ltr'><strong>(1)dictum</strong></span> <span class='ocrx_word' id='word_1_178' title='bbox 876 3477 941 3534; x_wconf 88' lang='lat' dir='ltr'><strong>est.</strong></span> <span class='ocrx_word' id='word_1_179' title='bbox 955 3465 1088 3561; x_wconf 86' lang='lat' dir='ltr'><strong>Neque</strong></span> <span class='ocrx_word' id='word_1_180' title='bbox 1105 3466 1208 3537; x_wconf 88' lang='lat' dir='ltr'><strong>euim</strong></span> <span class='ocrx_word' id='word_1_181' title='bbox 1228 3464 1329 3563; x_wconf 87' lang='lat' dir='ltr'><strong>quod</strong></span> 
     </span>
     <span class='ocr_line' id='line_1_28' title="bbox 326 3581 1330 3682; baseline 0.003 -28"><span class='ocrx_word' id='word_1_182' title='bbox 326 3582 421 3656; x_wconf 89' lang='lat' dir='ltr'><strong>mihi</strong></span> <span class='ocrx_word' id='word_1_183' title='bbox 437 3583 544 3656; x_wconf 85' lang='lat' dir='ltr'><strong>aliter</strong></span> <span class='ocrx_word' id='word_1_184' title='bbox 564 3583 786 3682; x_wconf 82' lang='lat' dir='ltr'><strong>contigerit,</strong></span> <span class='ocrx_word' id='word_1_185' title='bbox 805 3581 950 3658; x_wconf 86' lang='lat' dir='ltr'><strong>ideirco</strong></span> <span class='ocrx_word' id='word_1_186' title='bbox 969 3581 1120 3682; x_wconf 84' lang='lat' dir='ltr'><strong>negligo</strong></span> <span class='ocrx_word' id='word_1_187' title='bbox 1135 3581 1330 3681; x_wconf 83' lang='lat' dir='ltr'><strong>quodaliis</strong></span> 
     </span>
    </p>
   </div>
   <div class='ocr_carea' id='block_1_3' title="bbox 367 3908 660 4034">
    <p class='ocr_par' dir='ltr' id='par_1_4' title="bbox 367 3908 660 4034">
     <span class='ocr_line' id='line_1_29' title="bbox 367 3908 660 4034; baseline -0.01 -1"><span class='ocrx_word' id='word_1_188' title='bbox 367 3955 536 4034; x_wconf 51' lang='grc' dir='ltr'>(ωας.</span> <span class='ocrx_word' id='word_1_189' title='bbox 635 3908 660 3964; x_wconf 71' lang='lat'><strong>&#39;⁵</strong></span> 
     </span>
    </p>
   </div>
   <div class='ocr_carea' id='block_1_4' title="bbox 0 0 1422 4668">
    <p class='ocr_par' dir='ltr' id='par_1_5' title="bbox 0 0 1422 4668">
     <span class='ocr_line' id='line_1_30' title="bbox 0 0 1422 4668; baseline 0 0"><span class='ocrx_word' id='word_1_190' title='bbox 0 0 1422 4668; x_wconf 95' lang='lat' dir='ltr'><strong> </strong></span> 
     </span>
    </p>
   </div>
  </div>
 </body>
</html>
