2816 4668
227 479 230 494 „
294 421 367 516 434
415 401 418 408 ’
460 441 506 493 aa
532 437 679 497 sumans
703 439 748 489 ur
772 436 898 494 ceusu
923 434 1155 490 uoaaounu-

293 573 409 646 tator,
426 569 464 631 at
481 569 567 653 post
583 549 775 627 modicum
795 566 946 650 tempus
956 575 1125 650 egressus
1138 550 1307 626 confiteo

291 674 399 750 vultu
433 687 470 744 et
500 669 674 758 turbat03
696 670 775 768 ipsa
791 693 901 757 vero,
916 668 1077 758 duabus,
1095 683 1163 742 aut
1182 670 1309 742 tribus

292 791 497 888 interjectis
517 787 639 877 horis,
661 811 740 865 nou
753 801 951 884 appareret
964 814 975 873 ;
990 788 1121 876 vicini,
1137 789 1211 884 qui
1228 787 1307 858 haec

292 906 668 992 animadverterant,
703 904 959 1002 introgressi,
995 928 1075 974 non
1111 920 1307 976 mortuam
1397 951 1398 964 t

292 1025 428 1113 modo,
449 1021 515 1095 sed
539 1035 576 1092 et
603 1018 776 1120 frigidam
790 1021 1249 1117 invenerunt‚jacentem
1268 1025 1306 1094 in

292 1146 391 1218 lecto
407 1165 449 1214 ea
467 1139 640 1237 corporis
660 1136 799 1235 figura,
815 1152 858 1210 ut
880 1135 1045 1210 dubitari
1069 1164 1151 1210 non
1179 1156 1306 1238 posset
1397 1215 1398 1236 ξ

292 1285 370 1360 quo
394 1259 435 1330 in
458 1281 575 1356 opere
597 1255 1053 1352 interiisset,·praesertim
1079 1279 1173 1328 cum
1198 1257 1306 1328 virile

293 1400 422 1462 senten
447 1370 864 1472 conspiceretur'quod
889 1395 910 1442 e
935 1371 1029 1444 locis
1052 1373 1306 1452 muliebribus

293 1491 490 1572 defluebat.
502 1490 707 1582 Quasitum
726 1503 782 1564 cst
803 1515 848 1561 ex
863 1513 945 1578 mc,
965 1488 1012 1560 de
1028 1490 1109 1586 eJ'us
1121 1490 1306 1562 cadavere

291 1609 484 1710 numquid
518 1609 654 1684 vellem
688 1601 905 1706 genitalia?
937 1612 995 1680 An
1026 1620 1159 1680 catera
1196 1611 1306 1682 etiam

292 1729 463 1809 viscera?
488 1731 657 1825 utraque
683 1725 888 1824 respondi,
918 1749 997 1797 non
1019 1724 1126 1824 quod
1145 1727 1191 1798 in
1211 1727 1303 1814 illis,

293 1848 448 1947 delapso
459 1847 537 1944 jam
557 1845 721 1932 semine,
742 1842 931 1943 peculiare
952 1843 1093 1942 aliquid
1119 1865 1186 1916 me
1208 1847 1302 1917 visu·

293 1989 380 2042 rum
392 1987 599 2063 sperarem,
616 1961 681 2034 sed
698 1976 741 2033 ut
755 1961 928 2060 quadam
954 1962 1086 2060 sapius
1107 1957 1304 2035 obseivata

291 2099 602 2184 recognoscerem
611 2105 623 2169 ;
632 2103 721 2152 nam
735 2081 776 2150 in
786 2079 939 2177 reliquis
948 2077 1139 2177 partibus,
1151 2095 1192 2154 et
1202 2078 1304 2152 facile

258 2194 259 2199 ’
295 2217 442 2287 ultum
465 2199 563 2286 dixi,
581 2201 621 2270 in
641 2221 780 2296 magno
806 2197 986 2295 quopiam
1009 2212 1197 2296 perrupto
1222 2221 1303 2269 vase

296 2320 485 2414 conjicere
504 2341 564 2388 tue
577 2339 728 2388 causam
745 2316 951 2413 repentina·
965 2316 1098 2387 mortis
1107 2316 1303 2388 inventum

296 2437 353 2508 iri.
380 2435 594 2531 Tempestas
618 2448 698 2505 erat
721 2431 997 2521 fervidissima‚
1024 2433 1169 2532 quippe
1197 2434 1302 2504 nonis

297 2550 520 2652 quintilibus
533 2552 623 2622 anni
645 2549 749 2648 1725,
766 2571 836 2620 nec
853 2548 1034 2647 postridie
1044 2553 1180 2622 mortis
1195 2552 1304 2638 licuit,

296 2669 373 2742 nisi
405 2667 558 2740 undem
590 2668 662 2740 suh
698 2691 897 2766 vesperum
933 2666 1094 2739 cadaver
1126 2667 1302 2742 incidere.

272 2789 428 2884 ltaque
461 2800 609 2857 mutato.
642 2783 835 2873 consilio,
867 2782 1090 2861 Mediaviam
1132 2801 1303 2858 nostrum

297 2904 382 2980 nisi
394 2955 404 2990 ,
418 2903 486 3000 qui
499 2903 704 3000 inspiceret
717 2901 870 2989 omnia,
888 2901 1077 2998 praecipua
1094 2925 1190 2972 vero
1213 2902 1306 2973 dun·

296 3034 396 3104 taxat
411 3018 459 3104 ad
476 3043 535 3090 me
553 3018 710 3091 domum
730 3014 953 3116 perferenda
974 3031 1133 3088 curaret.

352 3137 406 3210 16.
429 3136 579 3210 Collum
602 3135 673 3210 sub
693 3137 776 3234 ipso
801 3147 932 3206 mento
950 3132 1110 3222 livebat,
1128 3134 1213 3207 sine
1236 3137 1307 3222 ulla

297 3253 577 3330 tamenindicio
594 3254 652 3326 vis
665 3253 897 3326 extrinsecus
908 3251 1028 3324 illata.
1039 3251 1198 3324 Livebat
1216 3279 1308 3352 quo·
1396 3271 1397 3350 j

299 3395 375 3467 que
404 3371 584 3442 nonnihil
607 3370 774 3444 dorsum.
799 3373 963 3442 Tausum
988 3383 1067 3441 erat
1088 3369 1307 3456 abdomen,
1396 3441 1397 3450 ,

299 3511 371 3559 nec
398 3487 512 3558 ullam
545 3487 768 3559 ostendebat
800 3502 929 3566 notatu
969 3486 1074 3562 unde
1099 3489 1308 3586 conjiceres

299 3604 498 3677 mulierem
523 3619 673 3676 uterum
697 3605 836 3676 tulisse.
863 3604 934 3676 Illo
968 3603 1153 3693 diducto,
1175 3609 1307 3679 tenuia

299 3723 475 3796 intestina
503 3737 760 3820 apparuerunt
789 3721 896 3793 valde
927 3721 1113 3797 rubentia.
1150 3727 1306 3811 Crasse,

299 3840 504 3936 praesertim
520 3837 720 3928 inferiora,
737 3839 983 3912 recrementis
1012 3838 1146 3940 plena,
1176 3842 1308 3914 ventri·

181 3977 183 3984 '
300 3955 408 4036 culus
421 3979 668 4054 permagnus,
688 3958 860 4054 quamvis
877 3957 1003 4036 inanis
1013 3958 1303 4055 propemodum.
