2850 4668
317 453 368 528 δι
484 467 532 524 ns
558 471 706 524 seorsus
730 471 775 525 nr
799 471 923 522 osusrs
948 471 1159 522 ιιοιιιιοιιιιιι

319 605 357 660 et
371 589 502 676 rubro,
524 585 839 686 quemadmodum
853 610 928 658 esse
940 584 1036 658 solet
1048 586 1195 686 hepatis
1211 610 1300 658 coro
1308 613 1323 675 ;

291 793 293 798 Ι
318 707 383 780 sed
399 731 478 778 non
495 705 595 803 leges
610 719 756 792 tamen,
771 686 949 810 morbum
965 718 1051 802 post
1064 728 1179 802 quem
1194 705 1246 776 sic
1261 704 1323 774 in-

316 838 428 896 venta
443 837 517 910 est,
536 821 583 893 ab
603 821 714 894 Laelio
736 822 815 893 sine
842 821 925 892 ulla*
938 820 1174 894 dubitatione
1193 823 1321 919 perip-

286 977 288 982 ·
316 940 578 1024 neumoniam,
594 953 636 1010 ut
653 954 783 1035 reapse
799 937 1049 1010 ostendebant
1068 939 1189 1036 signa,
1205 936 1319 1010 fuisse

314 1056 532 1153 judicatum.
551 1055 669 1152 Hujus
684 1056 799 1151 igitur
815 1053 1130 1126 consultationem
1144 1055 1320 1153 inspicias

315 1187 486 1272 oportet,
502 1197 582 1269 quae
596 1172 635 1243 in
648 1168 893 1268 Sepulchreto
910 1186 975 1242 aut
991 1195 1070 1242 non
1088 1170 1318 1270 designatur,

315 1304 379 1362 aut
394 1292 445 1362 sic
460 1289 691 1386 designatur,
706 1302 752 1359 ut·
765 1292 804 1360 C.
821 1287 969 1378 credas,
987 1313 1074 1362 cum
1091 1289 1137 1360 sit
1155 1291 1314 1360 XCVIII.

314 1410 401 1480 Post
410 1409 533 1506 ipsum
541 1419 666 1480 autem
676 1405 744 1477 etsi
758 1405 850 1477 alios
860 1459 870 1492 ‚
880 1420 919 1477 et
929 1404 1113 1503 quosdam
1123 1407 1233 1478 etiam
1244 1405 1317 1476 hac

312 1537 568 1610 nostraaetate,
580 1524 620 1593 in
636 1522 755 1618 iisque
767 1526 822 1592 Io.
832 1522 1232 1621 Bapt.Fantonum(1),
1242 1525 1317 1595 Do-‘

311 1643 494 1714 minicum
509 1638 750 1738 Gagliardum
761 1637 833 1736 (a),
846 1639 942 1712 Frid.
961 1638 1232 1712 Hoffmannum
1243 1640 1315 1738 (3),

310 1775 355 1832 ut
371 1756 468 1832 infra
480 1757 533 1856 (4)
548 1756 767 1830 ostendetur
787 1754 925 1844 fusius,
952 1760 1002 1830 sic
1026 1759 1211 1832 invenisse
1232 1783 1312 1830 uon

309 1878 544 1976 ignoremus3
567 1875 629 1946 cui
642 1888 767 1947 tamen
781 1864 958 1948 acciderit
972 1875 1104 1973 (sicuti
1116 1872 1310 1963 Valsalvae,

304 2009 495 2093 quantum
507 1991 672 2078 videtur,
683 2006 720 2064 et
732 1991 844 2064 nobis
852 2045 862 2078 ,
874 1993 904 2063 si
918 2016 1033 2063 unam
1048 1991 1310 2091 dissectionem

309 2112 491 2208 excipias,
506 2123 606 2180 certe
621 2100 792 2204 accidit);
808 2123 851 2179 ut
868 2133 1016 2207 semper
1031 2107 1078 2178 ad
1093 2108 1194 2181 hunc
1205 2109 1311 2194 inve,-

308 2230 409 2300 niret
426 2225 599 2312 modum,
615 2250 695 2296 non
719 2221 825 2297 facile
842 2225 1096 2298 recordamur.
1117 2229 1172 2298 De
1190 2225 1307 2298 altero

301 2359 433 2416 autem
444 2397 454 2430 ,
464 2340 539 2413 hoc
553 2357 609 2412 est
626 2337 672 2412 de
689 2341 828 2439 pleurae
842 2342 989 2414 Iaesione
1002 2340 1158 2440 insigni,
1175 2357 1213 2414 et
1227 2368 1308 2440 quae

301 2484 395 2532 cum
413 2458 579 2556 e'aquam
593 2459 632 2528 in
645 2458 826 2556 pulmone
842 2458 1126 2558 descripsimus,
1143 2457 1307 2532 conferri

304 2591 450 2675 posset,
467 2577 498 2648 si
510 2573 708 2662 Valsalvae,
726 2589 764 2646 et
776 2599 896 2664 meas,
910 2599 1159 2675 quacumque
1178 2577 1227 2648 ad
1252 2576 1306 2650 le·

304 2693 426 2766 thales
438 2691 605 2782 thoracis
618 2689 930 2765 inflammationes
944 2683 1104 2766 attinent
1113 2747 1123 2784 ,
1133 2692 1180 2766 ad
1191 2719 1304 2766 unam

298 2833 434 2882 omnes
445 2807 724 2882 observationes
734 2809 956 2906 perlegeris,
971 2809 1082 2907 plane
1102 2833 1307 2908 cognosces

302 2950 499 3024 nunquam
517 2924 693 2998 accidisse
707 2924 838 3014 nobis,
857 2939 901 2998 ut
916 2925 1021 2997 illam
1037 2927 1116 2998 sine
1133 2925 1225 3020 hac,
1240 2926 1304 3000 sed

301 3069 351 3116 ne
369 3068 455 3118 cum
472 3042 544 3114 hac
564 3040 719 3138 quidem
735 3043 1046 3140 conspiceremus.
1065 3047 1160 3116 Sunt
1177 3058 1303 3116 autem
1406 3081 1407 3084 ¹

303 3145 626 3232 memnonmodo
645 3143 827 3240 hactenus
846 3161 1061 3256 propositae,
1081 3158 1146 3233 sed
1167 3175 1204 3231 et
1220 3185 1303 3270 qnae
1405 3153 1406 3164 ἶ

180 3313 182 3320 v
303 3279 386 3358 aliis,
393 3279 432 3348 in
441 3276 608 3376 epistolis
620 3274 674 3374 (5)
693 3276 959 3374 prolataesunt,
977 3291 1014 3349 et
1026 3302 1108 3375 quae
1122 3292 1303 3376 praeterea

294 3471 1295 3504 W

354 3593 384 3686 i)
403 3608 476 3666 Obs.
490 3619 569 3665 anat.
583 3609 661 3666 med.
675 3627 724 3681 ²7·

338 3707 383 3786 (a)
401 3711 497 3765 Relaa.
512 3708 556 3764 de'
568 3709 639 3766 mali
651 3707 683 3765 di
697 3717 793 3782 petto.

351 3808 381 3886 3)
400 3807 508 3864 Medic.
518 3803 575 3864 rat.
587 3818 659 3885 syst.
674 3815 746 3864 tom.
761 3811 789 3877 Δ,
802 3823 836 3882 pe
850 3823 877 3878 ι,
890 3824 913 3865 ι.
928 3823 956 3882 ι,
971 3825 996 3866 c.
1011 3807 1041 3882 6,
1054 3803 1297 3886 ιΙιει.ριι1ι.ςιι.

352 3909 381 3984 t)
401 3909 440 3964 N·
463 3914 511 3976 to·
874 3977 876 3982 ,
946 3937 975 3964 .-

350 4004 889 4085 5)vl,n.12,ettru,n.uet1³.

335 3808 349 3887 t

337 3915 349 3978 ι

335 4005 349 4086 t
