2824 4668
222 521 224 530 ·
288 483 358 558 338
453 513 500 559 nr
526 510 672 560 sumnus
696 511 741 560 rr
766 510 890 560 cros1s
916 485 1128 562 uonnoruu

283 626 574 712 remotionibus,
588 626 750 724 exempli
760 651 887 716 causa,
903 631 938 698 Il
954 627 1177 701 etxtitulos
1188 649 1292 725 spec·

285 759 358 833 tet,
383 747 422 815 in
448 744 510 816 illa
526 745 665 844 pulsos
683 743 981 842 inaequalitatem
1007 761 1128 818 ortam
1156 745 1292 843 pro'cul

284 861 402 934 dubio
420 861 547 934 credet
561 865 609 934 ob
621 859 744 934 cordis
755 867 942 932 sinistrum
951 862 1293 934 ventriculumsub·

282 986 488 1078 nigricante
520 1005 631 1051 come
665 981 883 1072 infarctum,
918 1004 1005 1050 cum
1040 993 1168 1052 tamen
1196 981 1293 1052 ratio

282 1091 437 1195 quoque
452 1095 627 1168 habenda
645 1097 692 1170 sit
708 1098 826 1195 ipsius
842 1096 967 1169 cordis
987 1103 1106 1170 instar
1124 1105 1227 1170 uteri
1242 1095 1294 1168 ad

281 1217 361 1310 ejus
391 1206 514 1284 earnr‘s'
539 1214 694 1300 molem,
726 1215 835 1312 ou'jus
865 1214 1018 1311 pondus
1050 1213 1166 1288 libras
1191 1215 1291 1288 duas

281 1329 452 1429 aequabat
471 1338 617 1404 extensi
626 1359 637 1401 .-
655 1333 744 1406 inx
765 1355 856 1404 vero
875 1331 1138 1406 observatione
1151 1333 1292 1432 pulsus

280 1455 501 1550 interceptio
521 1449 644 1521 eidem
662 1473 743 1522 esse
761 1449 954 1522 videbitur
969 1473 995 1520 a
1014 1451 1162 1522 duobus
1173 1451 1289 1550 poly-

271 1573 337 1666 pis
352 1574 389 1637 in
405 1567 539 1658 corde,
558 1569 764 1666 presertim
784 1590 871 1640 cum
891 1593 934 1640 ea
953 1568 1186 1658 observatio,
1206 1590 1289 1666 quc

97 1687 104 1703 ⁸
172 1745 180 1761 .
277 1685 333 1757 ibi
354 1709 398 1756 ex
423 1695 531 1784 parte
553 1661 735 1758 duntaxit
760 1684 974 1785 profertur,
991 1683 1088 1758 nihil
1108 1701 1291 1786 praeterea

276 1801 466 1893 exhibeat,
484 1799 589 1902 quod
610 1803 724 1878 luerit
744 1819 880 1902 praeter
899 1819 1084 1878 murram.
1103 1809 1285 1903 Magnum

275 1933 397 1992 autern
414 1922 566 1993 errandi
585 1921 798 2020 periculum
817 1919 865 1993 ab
880 1923 947 1994 ista
959 1921 1148 1994 mutilatas
1165 1919 1284 1993 histo-

273 2039 347 2109 rias
360 2037 599 2138 producendi
614 2038 891 2112 consuetudine
901 2038 1197 2138 properantibus
1209 2040 1283 2116 lec·

273 2157 420 2230 toribus
433 2155 602 2230 offertur.
618 2159 711 2248 Quis
728 2158 829 2230 enim
846 2157 994 2246 credat,
1011 2156 1078 2229 ubi
1096 2158 1144 2229 de
1162 2158 1282 2255 pulsi·

271 2275 344 2346 bus
357 2276 501 2372 agitur,
521 2277 655 2373 ingens
669 2273 793 2347 cordis
817 2277 934 2374 ipsius
952 2277 1085 2347 vitium
1112 2274 1283 2348 reticeri?

271 2392 317 2464 Et
335 2407 460 2462 tamen
480 2393 510 2462 si
527 2392 657 2465 eadem
678 2391 890 2467 observatio
909 2393 984 2466 olio
1004 2393 1089 2465 loco
1108 2392 1159 2490 (1
1177 2393 1197 2492 )
1215 2393 1280 2465 ubi

272 2521 351 2580 tota
381 2508 627 2607 producitur,
656 2513 900 2609 inspiciatur3
929 2534 1017 2588 cum
1050 2511 1096 2584 iis
1129 2511 1281 2609 polypis

269 2614 383 2699 fuisse
401 2627 594 2700 invenitur
606 2653 672 2699 cor
679 2631 813 2701 bovino
828 2632 969 2725 majus,
980 2643 1101 2700 totam
1116 2628 1280 2701 thorace

270 2752 517 2844 capacitatem
550 2747 705 2845 replens.
740 2747 925 2836 Alterum,
958 2727 1065 2844 quod
1093 2746 1277 2843 consequi

261 2865 385 2962 paulo'
395 2879 481 2936 ante
500 2863 735 2954 indicabam,
752 2865 882 2962 polypi
894 2864 1107 2962 diagnosim
1120 2853 1183 2934 irel
1199 2887 1278 2932 ma·

218 3041 222 3046 .
268 2982 323 3082 'gis
333 2979 542 3053 labefactat.
558 2983 633 3073 Qui
648 2983 750 3054 enim
763 2982 865 3053 illam
875 2979 1179 3080 proposuerunt,
1190 3003 1278 3054 cum

264 3097 385 3196 probe
396 3099 568 3170 viderent
584 3102 707 3197 signa,
726 3117 809 3196 quae
826 3095 1055 3186 afferebant,
1071 3097 1152 3171 aliis
1173 3121 1279 3172 mor·

264 3213 323 3286 bis
337 3215 419 3286 ‘esse
435 3240 544 3313 posse
565 3218 799 3304 communia,
816 3215 909 3288 illud
929 3215 1182 3305 addiderunt,
1202 3217 1277 3315 sig·

264 3349 313 3401 na
330 3333 399 3402 ista
424 3333 530 3403 utilia
554 3329 708 3421 lutura‚'
721 3331 1089 3430 deficientibus·oliio
1108 3333 1275 3420 indiciis,

265 3449 397 3546 quibus
426 3451 561 3544 affines
583 3453 705 3522 morbi
726 3451 896 3548 dignosci
915 3451 1047 3522 solent.
1075 3453 1135 3522 Ita
1163 3451 1276 3522 Pissi-

217 3657 235 3687 ἱ
263 3567 348 3636 nius
366 3565 430 3663 (α).
451 3569 547 3638 Ant'e
566 3565 674 3639 illum
694 3583 819 3641 autem
834 3567 1017 3644 Riola'nus
1033 3565 1128 3666 (3),
1145 3566 1275 3640 ubido
1296 3599 1300 3608 ¹

299 3865 676 3942 (1)L.3,s.7‚obs.l5.
787 3845 791 3856 .

299 3964 344 4040 (α)
364 3965 459 4039 Epist.
479 3966 515 4022 de
532 3968 646 4040 polypo
661 3965 746 4022 cord.
789 3977 794 3990 ·

299 4062 343 4139 (3)
363 4065 565 4142 Anthropogr.
579 4067 634 4122 ult.
648 4066 717 4124 edit.
728 4067 749 4122 l·
764 4065 797 4138 3,
808 4085 835 4125 o.
849 4083 895 4124 ια.
931 4121 934 4128 .
