2820 4668
323 377 392 452 532
442 402 445 408 ·
490 401 537 448 ns
563 400 710 449 sumnus
734 403 778 449 ur
804 401 928 450 causis
954 403 1177 452 uornouuu·

323 514 522 588 excideret.
548 514 773 610 Hujusmodi
795 516 911 613 igitur
932 517 1100 591 lamellas
1119 543 1206 590 num
1225 518 1294 618 lapi-

322 633 427 721 deas,
451 632 678 730 tophaceas,
695 657 871 730 gypseas,
891 633 1097 706 calculosas
1124 635 1293 722 dicam,an

327 752 483 824 osseas?
504 751 638 839 Dicas,
662 752 835 847 inquies,
861 753 989 850 potius
1007 752 1156 825 ossibus
1182 753 1294 824 similes.

322 871 381 941 Sic
390 870 580 964 Vernojus
593 867 651 965 (1)
664 868 703 937 in
717 883 829 939 aortae
839 884 1103 967 aneurysmate
1117 883 1293 940 concretam

321 985 585 1072 substantiam,
613 984 720 1082 quod
745 1009 825 1056 non
849 1011 953 1083 aeque
982 1011 1024 1058 ac
1045 987 1206 1058 calculus
1227 1000 1295 1056 esset

319 1101 493 1191 friabilis,
510 1102 576 1175 sed
599 1101 778 1186 flexilior‚
799 1119 840 1174 et
855 1105 934 1200 igni
950 1105 1153 1202 imposita,
1172 1103 1293 1176 odorem

320 1220 467 1294 ossibus
489 1221 688 1318 proprium
719 1219 940 1308 exhalaret,
967 1223 1187 1294 substantioe
1211 1243 1292 1290 osseo

313 1343 599 1438 propensiorem
615 1361 694 1410 csse
715 1339 871 1410 censuit.
902 1339 962 1410 Sic
983 1339 1052 1410 cel.
1080 1339 1245 1410 Hallerus
1259 1335 1292 1432 (a)
1352 1413 1353 1418 ἵ

319 1457 360 1526 in
391 1455 465 1527 alio
493 1454 662 1552 ejusdem
692 1457 1137 1552 arteriaeaueurysmate,
1160 1477 1293 1554 squamas

318 1571 432 1646 fuisse
450 1573 627 1670 scripsit,
652 1596 774 1644 osseus
788 1571 1015 1671 plerasque,
1044 1573 1103 1644 vel
1122 1578 1246 1643 ossium
1264 1575 1294 1640 si·
1352 1573 1353 1584 ³

318 1691 439 1764 miles.⁴
460 1695 539 1790 Ego
557 1715 648 1762 vcro
667 1716 746 1762 non
774 1715 958 1788 quaeram,
979 1715 1027 1761 an
1057 1693 1108 1780 ita
1124 1689 1206 1789 plus
1224 1689 1294 1760 dixe·
1352 1691 1353 1776 ,

317 1813 417 1900 rint,
434 1834 549 1907 quam
569 1811 707 1882 ossium
729 1808 893 1896 similes,
912 1831 982 1880 nec
1001 1807 1126 1880 dicam
1140 1863 1151 1897 ,
1164 1809 1294 1906 primun

317 1947 445 2002 tamen
460 1927 630 1998 locutum
644 1925 698 1998 ibi
713 1949 791 1998 esse
805 1925 852 1996 de
868 1924 1093 2014 substantia,
1111 1949 1210 2024 quae,
1225 1934 1294 1992 tacti

308 2045 459 2144 judice,
481 2043 627 2116 calculo
641 2057 726 2115 erat
735 2042 880 2131 similis,
893 2043 1052 2116 alterum
1080 2043 1132 2116 de
1159 2043 1224 2114 illis
1233 2037 1293 2138 ipsis

317 2164 505 2261 squamis,
528 2186 622 2259 quas
648 2138 754 2232 tanto
779 2176 1012 2258 praeceptore
1037 2161 1179 2259 dignus
1199 2161 1245 2228 vir
1264 2153 1292 2223 cl.

318 2279 535 2352 Winklerus
549 2281 589 2350 in
609 2280 644 2352 ei
661 2278 783 2350 dicata
800 2279 1062 2350 dissertatione
1082 2277 1146 2377 (3)
1163 2273 1294 2377 lapideos

317 2423 494 2494 sqzmmos
514 2397 680 2483 dixerat,
698 2397 841 2494 quippe
862 2422 943 2494 quae
958 2395 1103 2494 (4)nec
1129 2395 1292 2467 combusto

318 2519 435 2611 nigrae
445 2516 748 2606 factaefuerint‚
767 2528 804 2585 et
823 2537 955 2585 omnes
970 2513 1179 2584 habuerint
1203 2504 1290 2582 corui

319 2637 436 2703 tiones
462 2655 557 2702 verae
584 2629 750 2702 lithiasis.
782 2633 868 2703 Non
885 2629 963 2702 haec
978 2685 988 2718 ,
1005 2631 1179 2728 inquam,
1195 2627 1289 2707 dicam

318 2749 384 2822 sed
394 2747 1291 2846 hocunmndicam,mequoque‚·cumosseasvoco,

318 2891 397 2945 nou
434 2866 537 2939 aliud
562 2891 676 2964 quam
708 2866 993 2938 similitudinem
1024 2880 1216 2964 spectare,
1245 2879 1292 2928 net

318 2985 473 3083 quando
496 3007 628 3056 revera
645 3008 787 3073 osseas,
815 2999 877 3058 aut
896 3007 984 3056 vera
1001 3005 1086 3056 ossa
1112 3008 1191 3054 non
1208 2973 1291 3052 modo

317 3105 356 3174 in
377 3103 538 3190 arteriis,
554 3101 619 3174 sed
637 3116 674 3172 et
697 3100 786 3173 alibi
806 3099 917 3174 fuisse
942 3099 1086 3188 scribe,
1109 3097 1208 3170 aliud
1224 3089 1290 3165 nihi

197 3251 205 3270 ·
316 3220 412 3290 velle
436 3244 551 3316 quam
577 3244 625 3292 ue
654 3217 750 3290 forte
782 3218 1006 3318 suspiceris,
1031 3217 1290 3316 qualescumque
1352 3221 1353 3226 ’

317 3337 431 3412 duras
454 3336 715 3408 concretiones
734 3362 831 3409 ame
851 3353 1013 3422 temere,
1030 3349 1068 3407 et
1089 3335 1199 3408 nimis
1212 3325 1290 3402 lacile
1352 3377 1353 3410 1

310 3520 1286 3562 ..ρ-,Ἥ

420 3658 586 3744 (Jomment.
597 3656 669 3730 imp.
683 3654 777 3710 Acad.
789 3653 939 3728 Petropol.
952 3651 1054 3710 tom.6
1061 3693 1071 3724 ,
1086 3655 1122 3710 el.
1131 3649 1261 3729 phymrt·
1269 3647 1288 3706 l·

352 3658 398 3834 {il
417 3743 528 3831 (lpusc.
542 3751 656 3830 pathol.
670 3754 734 3811 obs.
752 3753 798 3810 18.

353 3855 398 3933 (3)
419 3857 464 3912 De
476 3874 576 3912 vasor.
586 3872 675 3932 corp.
685 3854 769 3912 hum.
783 3851 927 3923 Lithiasi,
940 3871 962 3908 s.
977 3871 1012 3924 r,
1032 3855 1048 3926 ς
1062 3871 1090 3924 7.
