2820 4668
101 494 169 540 ms.
198 491 237 539 ιι.
266 485 312 538 nn
337 475 475 534 nouus
499 447 692 550 esuriem,
717 485 956 534 nrrsrsxxvrr.
987 461 1058 560 509

52 627 113 679 res
146 607 269 680 sensit.
300 607 540 702 Quapropter
563 599 799 673 inambulare
821 603 861 672 in
889 601 1059 672 conclavi

54 727 190 822 coepit3
215 725 267 796 sic
286 725 386 795 enim
405 721 490 793 illos
512 713 654 790 facilius
677 715 829 790 ferebat.
858 720 929 790 Sed
955 735 1058 817 post·

53 865 169 939 quam
193 843 281 914 satis
303 841 342 911 id
366 837 522 927 fecerat,
556 861 642 908 cum
664 837 804 908 lectum
831 840 1057 935 repetiisset,

28 979 30 982 ·
53 959 285 1057 querebatur
299 959 346 1060 de
363 957 477 1030 fumis
494 956 541 1027 ad
558 970 670 1054 caput
682 955 994 1043 ascendentibus,
1022 971 1059 1029 et

53 1077 100 1149 de
122 1077 285 1175 pectoris
301 1076 502 1174 angustiis,
530 1075 798 1172 inquietasque
819 1097 899 1145 sese
924 1073 999 1145 huc
1016 1075 1059 1145 il·

53 1195 193 1292 lucque
212 1195 389 1266 vertebat.
407 1191 519 1283 Quod
538 1217 623 1263 cum
645 1191 764 1290 spatio
781 1193 962 1288 temporis
978 1217 1057 1263 non

52 1311 160 1384 brevi
178 1310 343 1401 fecisset,
357 1325 514 1410 repente
532 1333 570 1381 se
586 1309 684 1379 mori
708 1309 845 1396 sensit,
871 1309 1058 1406 simulque
1105 1381 1111 1388 ,

52 1431 197 1528 pallens
216 1445 252 1501 et
265 1453 302 1501 se
317 1431 481 1528 agitans,
494 1428 600 1498 ¹illico
613 1428 766 1498 interiit.
781 1427 993 1498 Abdomine
1009 1427 1061 1498 di·

52 1548 189 1636 duct0,
211 1549 364 1618 inventa
384 1559 474 1617 sunt
491 1546 619 1615 omnia
639 1543 851 1614 secundum
873 1561 1057 1616 naturam.
1094 1563 1104 1578 “

51 1669 206 1736 Pectore
232 1679 357 1735 autem
377 1677 524 1759 operm,
543 1675 580 1732 et
604 1659 871 1758 pulmonibus,
897 1665 963 1757 qui
991 1687 1058 1732 an-

53 1797 218 1852 trorsum
250 1779 436 1877 compulsi
460 1792 583 1867 erant,
609 1776 779 1864 dimotis,
805 1776 1060 1874 pericardium

52 1899 333 1997 deprehensum
362 1913 418 1970 est
444 1897 555 1994 nigro
590 1909 847 1992 concretoquc
879 1898 1059 1996 sanguine

53 2015 268 2088 distentum.
285 2020 321 2086 Is
341 2039 361 2085 e
378 2016 531 2106 sinistro
546 2013 672 2118 cordis
688 2012 897 2084 ventriculo
919 2014 1059 2085 exierat

53 2157 123 2230 per
138 2136 337 2206 scissuram
361 2131 513 2230 longam
537 2131 656 2202 uneiae
687 2129 910 2218 dimidium,
939 2146 976 2202 et
1004 2155 1059 2204 se-

54 2251 223 2322 cundum
239 2251 339 2321 illius
357 2248 633 2346 longitudinem
646 2247 816 2337 ductam,
834 2249 931 2320 cirea
943 2250 1071 2347 quam

55 2368 181 2440 cordis
199 2347 302 2439 fibrae
319 2391 399 2438 non
416 2369 560 2440 recenti
574 2367 793 2439 corrosione
813 2387 927 2440 exesae
949 2391 1058 2440 cons·

53 2485 300 2580 piciebantur.
384 2523 388 2530 -

100 2581 135 2697 Ι9.
156 2597 342 2673 Nimirum
364 2601 470 2700 quod
487 2601 706 2676 Trombellii
736 2627 840 2676 casus
859 2602 913 2702 (1)
931 2619 1055 2677 osten-

54 2719 158 2792 derat
168 2701 230 2790 liic
247 2719 358 2792 nobis
370 2717 587 2810 confirmat,
604 2745 698 2819 quas
711 2725 903 2794 erosiones
916 2723 955 2792 in
970 2739 1056 2796 cute

53 2839 253 2927 nolumus,
273 2863 334 2910 eas
353 2837 443 2908 hinc
461 2838 645 2937 depulsas,
663 2838 954 2910 interiorahand
970 2865 1055 2912 raro
1100 2922 1106 2943 Ι
1209 2890 1216 2900 -

52 2955 230 3026 invadere
243 2970 284 3026 ‘et
300 2955 542 3053 inopinatum
560 2956 713 3026 exitium
731 2953 875 3026 afferre.
895 2958 1058 3057 Quamo-

53 3071 162 3146 brem
179 3071 273 3142 illud
289 3074 453 3170 primum
470 3070 677 3142 videndum
695 3085 765 3152 est,
783 3097 830 3142 ne
850 3072 929 3143 sine
942 3072 1056 3170 longa

54 3215 174 3288 eaque
192 3188 390 3286 diligenter
409 3179 520 3261 etiarn
544 3203 656 3287 atque
676 3191 787 3260 etiam
813 3187 939 3260 habita
965 3189 1057 3262 deli·

53 3305 266 3394 beratione,
288 3309 471 3380 exteriora
489 3307 615 3378 ulcera
631 3307 777 3405 aliaque
791 3306 830 3378 id
845 3331 964 3406 genus
975 3309 1056 3382 diu·

54 3439 167 3496 turna
180 3423 276 3494 mala
296 3447 554 3522 persanemus;
575 3439 657 3496 tum
674 3423 741 3496 ubi
760 3425 919 3498 internis
941 3429 1057 3537 mugis
1141 3482 1150 3512 .

54 3563 171 3638 quarn
189 3543 350 3613 externis
368 3557 567 3640 persanata
582 3542 759 3616 remediis
781 3539 937 3633 fuerint,
958 3561 1000 3618 ut
1017 3545 1056 3618 id

54 3680 169 3731 omne
186 3658 302 3730 homo
321 3659 476 3733 sollicite
488 3657 606 3758 fugiat
621 3659 722 3732 unde
740 3661 878 3733 iterum
898 3665 1056 3761 gignau2
1166 3654 1174 3673 '

1222 3414 1233 3444 '-

92 4014 610 4116 mffiffimfflo“
