2816 4668
340 453 412 537 dno
513 471 558 516 ua
584 468 731 518 scamus
755 469 798 516 ar
825 467 951 516 caus1s
974 467 1181 518 moerorum

340 595 419 654 non
438 584 769 655 intermissionem.
790 579 863 653 Sed
881 582 919 650 in
942 581 1094 654 scholiis
1121 581 1314 680 quibusdan

324 677 518 774 ‘sectionis
550 703 603 788 X,
641 698 926 772 observationes
949 693 1104 798 quidem
1135 700 1315 786 indicantur

340 818 555 906 nonnullae,
574 834 616 889 ut
644 815 714 890 sub
737 841 842 888 num.
862 819 999 891 Iltum
1028 819 1068 888 in
1093 843 1138 892 ea
1161 821 1314 906 sectione,

340 949 420 1008 tum
441 937 480 1006 in
498 937 579 1033 ejus
601 935 866 1007 additamentis
879 934 1035 1008 videbis.
1050 939 1193 1008 Verum
1207 938 1313 1034 priua,

339 1079 420 1152 quae
434 1053 559 1152 Tulpii
580 1070 691 1144 sunt,
714 1069 758 1136 ut
776 1077 864 1124 cum
882 1055 1001 1152 ipsius
1028 1052 1200 1127 conferas
1224 1053 1311 1140 libro,

338 1171 504 1268 deliquia
520 1169 682 1259 habeut,
701 1171 781 1242 non
807 1172 939 1270 pulsus
958 1173 1265 1246 intermissiones:
1278 1171 1311 1240 al-

338 1305 450 1376 terae,
471 1313 554 1387 qum
574 1288 621 1360 ad
639 1288 859 1360 Cabrolium
876 1305 1071 1362 auctorem
1090 1304 1266 1388 spectant,
1279 1312 1310 1360 re
1369 1341 1370 1382 ;

338 1407 566 1505 mquidem,
580 1407 645 1480 sed
659 1406 733 1480 hoc
751 1422 899 1480 tantum
915 1435 923 1478 τ
942 1415 1082 1506 nequis
1092 1407 1234 1480 hincit'r
1241 1431 1310 1478 mor·

232 1528 235 1532 ’
338 1540 410 1596 tem
436 1521 596 1595 allatam
621 1528 844 1616 arbitratum
866 1527 977 1598 ambo
1007 1527 1147 1626 laqueo
1167 1525 1310 1622 vt'toetfi·

335 1648 446 1715 niere.
463 1643 575 1733 Quod
592 1645 622 1716 si
637 1644 738 1716 illius
756 1646 868 1716 etiarn
888 1643 1056 1718 mirificae
1073 1644 1309 1754 obsergationis

336 1762 432 1833 ratio
448 1760 626 1837 habenda
656 1775 732 1852 est,
754 1751 836 1860 quie
855 1778 941 1834 ante
955 1761 1022 1834 has
1035 1762 1238 1850 indicatur,
1254 1766 1308 1832 tter·
1369 1769 1370 1830 ἶ

335 1879 494 1951 nardini·
505 1880 659 1969 Telesii‚
674 1904 890 1979 quanquam
902 1882 941 1951 in
954 1905 996 1952 ea
1008 1906 1084 1952 non
1099 1881 1149 1956 de
1163 1882 1308 1954 erosiouo

334 1998 400 2070 sed
419 1997 466 2069 de
482 1997 627 2070 hectica
639 1985 809 2070 ariditate
824 2001 1041 2097 consumpti
1056 2001 1207 2090 cordis,
1222 2013 1253 2071 et
1261 1994 1306 2068 sal·

333 2139 379 2186 va
398 2117 477 2211 ejas
496 2129 641 2186 tantum
655 2121 801 2202 tunica,
822 2141 979 2214 prorsus
996 2115 1110 2188 deleti
1132 2110 1305 2198 mentiofit,

334 2232 461 2322 idest,
483 2247 526 2304 ut
545 2257 617 2330 ego
633 2233 826 2332 intellig0,
846 2259 926 2305 non
942 2257 1048 2309 secus
1061 2249 1179 2332 atque
1191 2235 1226 2304 in
1242 2251 1306 2328 quo·

334 2349 419 2420 dam
438 2349 629 2447 phthisico
646 2352 791 2423 invenit
816 2357 979 2457 Peyerus
1004 2350 1090 2450 (ι),
1109 2353 1208 2424 adeo
1233 2361 1304 2421 erte·

334 2473 444 2538 naati
451 2521 461 2556 ‚
480 2484 522 2539 ut
531 2472 678 2539 sr'nister
693 2472 772 2566 ejus
784 2469 975 2541 thalamus
992 2476 1062 2542 arte
1075 2471 1303 2544 mediocrem

333 2590 448 2674 riam,
473 2577 606 2656 dexter
628 2611 720 2658 vero
750 2587 961 2687 simplicem·
972 2595 1145 2659 tumeam
1154 2591 1304 2686 parietum

314 2709 497 2806 'crassitie
522 2720 709 2802 (equam,-
734 2719 834 2796 certe
863 2705 959 2776 nihil
981 2705 1083 2778 aliud
1109 2705 1212 2804 leges
1235 2694 1303 2799 apud

332 2820 516 2893 Telesiam
530 2874 540 2909 ‚
558 2823 628 2893 nisi
645 2823 872 2894 eumvirum
885 2822 1067 2894 diuturno
1080 2825 1214 2894 morbo
1225 2817 1303 2890 luisse

331 2939 586 3038 absumptum:
600 2965 743 3036 quaeres
762 2956 887 3012 autem
901 2942 941 3011 in
955 2941 1067 3012 citato
1081 2941 1166 3037 ejus
1176 2945 1297 3010 renuat·
1367 2997 1368 3018 ,

334 3053 356 3125 l.
373 3054 457 3145 530.
479 3073 605 3128 autem
624 3064 691 3147 ad,
710 3081 789 3128 non
809 3059 853 3129 28
866 3113 875 3146 ‚
888 3058 990 3157 apud
1006 3057 1255 3150 Meekrenium
1267 3052 1303 3146 tp

332 3197 415 3245 sum
432 3175 619 3264 indicata,
638 3176 833 3248 historiam
843 3175 967 3276 hanc,
993 3178 1065 3249 nisi
1080 3200 1126 3250 ‘ea
1146 3199 1217 3274 qua
1233 3166 1301 3248 dixi,
1367 3157 1368 3160 Ἴ

326 3293 476 3363 ratione
505 3295 682 3390 explices,
710 3294 995 3366 incredibilem:
1019 3310 1056 3370 et
1078 3297 1110 3366 si
1133 3297 1172 3366 in
1199 3315 1236 3364 ea
1253 3303 1302 3384 pr⁰

331 3408 453 3480 cordis
484 3416 610 3481 tunica
628 3412 697 3482 tibi
725 3437 881 3510 quoque
910 3413 950 3482 in
980 3400 1301 3505 Meekrenio,pe1i·

329 3514 803 3626 cardium‘intelligendum
824 3529 1016 3619 videatur,
1040 3555 1108 3602 cor
1127 3531 1259 3628 ipsum,
1273 3528 1300 3588 11t

227 3743 229 3746 Ι
328 3645 367 3716 in
381 3644 536 3718 hecticis
552 3647 833 3719 nonrarissime
850 3647 1002 3737 accidit,
1018 3671 1105 3720 cum
1121 3635 1299 3746 pericardio

342 3849 1298 3884 ww

366 4017 411 4094 (1)
432 4022 524 4078 Meth.
543 4018 609 4080 hist.
624 4032 701 4078 anat.
716 4041 741 4080 c.
755 4022 792 4095 6,
806 4022 839 4080 in
849 4021 945 4082 schol.
