2816 4668
283 417 352 510 472
450 435 496 482 nu
522 429 668 484 sumnus
693 421 740 486 si,
763 433 886 484 clusis
911 435 1120 488 uonnomns

283 552 360 638 tio,
387 575 470 647 quae
497 550 678 647 quoniam
704 551 801 620 intra
830 551 1024 624 thoracem
1056 553 1234 650 contigit,
1259 565 1293 622 et

284 669 517 765 inopinatam
538 682 699 739 mortem
720 669 858 758 attulit,
872 672 1026 742 minime
1044 687 1101 743 est
1117 671 1292 742 hocloco

283 783 431 857 anobis
444 784 781 884 praetermittenda,
802 787 1028 884 quibuscum
1048 814 1174 860 raram
1194 787 1294 860 hanc

284 928 389 976 suam
417 903 721 975 observationem
746 893 1039 1002 communicavit
1065 931 1170 978 anno
1202 906 1292 1006 1718

282 1021 453 1094 medicus
466 1021 721 1112 doctissimus,
737 1024 933 1122 nostrique
950 1025 1203 1097 amicissimus
1221 1029 1292 1096 He-

282 1140 436 1212 raclitus
449 1137 691 1213 Manfredius.

336 1285 392 1354 29.
413 1258 550 1329 Mulier
563 1283 677 1354 quaea
693 1258 809 1356 longo
816 1260 893 1354 jam
910 1274 1080 1358 tempore
1097 1275 1138 1332 et
1154 1261 1294 1332 credita

283 1374 424 1462 fuerat,
444 1391 480 1446 et
498 1390 577 1446 erat
595 1375 805 1474 phthisica,
833 1377 1037 1474 improviso
1062 1393 1220 1450 mortua
1240 1405 1294 1451 rc·

226 1498 231 1509 '
282 1509 390 1595 perta
405 1509 469 1566 est.
488 1492 668 1565 Thoracis
680 1516 811 1564 cavum
829 1495 1021 1566 sinistrum
1034 1495 1236 1592 pulmonis
1248 1497 1293 1567 lo

283 1611 376 1684 bum
413 1607 632 1682 inferiorem
666 1608 890 1682 morbosum
922 1609 1118 1699 exhibuit,
1153 1613 1289 1710 quippe

284 1731 355 1802 tria
369 1743 578 1826 quatuorve
591 1727 789 1800 tubercula
803 1783 813 1817 ,
827 1729 932 1826 puris
947 1708 1058 1826 plena
1071 1783 1081 1818 ,
1094 1733 1294 1800 continen·
1385 1801 1386 1806 ,

285 1834 374 1920 tem.
398 1852 440 1916 In
462 1871 553 1919 cavo
576 1861 702 1918 autem
726 1847 882 1918 dextero
905 1847 1037 1946 pulmo
1060 1833 1221 1944 quidem
1244 1873 1296 1920 sa·

284 1991 378 2056 nus,
396 1981 433 2038 at
461 1967 572 2036 simul
600 1957 754 2064 sanguis
777 1981 856 2037 erat
885 1981 1084 2038 concretus
1105 1965 1154 2036 ad
1183 1965 1295 2039 libras
1387 2021 1388 2024 ,

287 2101 461 2184 quatuor.
477 2082 623 2156 Effusus
640 2071 760 2156 fuerat
779 2109 800 2154 a
814 2099 951 2154 trunco
971 2107 1076 2154 venae
1092 2085 1174 2156 sine
1194 2086 1292 2182 pari:

287 2205 355 2302 qui
379 2205 448 2275 etsi
469 2202 516 2273 ab
543 2227 585 2273 ea
615 2197 798 2274 effusione
826 2199 1061 2288 conciderat,
1089 2216 1221 2274 tamen
1247 2201 1293 2272 ob

288 2323 492 2392 immanem
510 2319 780 2391 distensionem
793 2333 941 2390 tantum
955 2319 1164 2391 retinuerat
1181 2320 1294 2392 latitu

289 2437 407 2526 dinis,
424 2453 465 2508 ut
485 2435 592 2508 facile
606 2453 733 2536 posset
751 2461 837 2509 cum
856 2431 952 2508 vena
971 2461 1059 2508 cava
1073 2439 1293 2536 comparari.

289 2559 373 2624 Haeo
387 2552 552 2625 dilatatio
568 2553 614 2626 ad
629 2553 796 2653 palmum
812 2545 1010 2626 circiterin
1020 2554 1293 2654 longitudinem

290 2697 328 2745 se
350 2671 586 2746 extendebat.
615 2673 722 2744 Circa
744 2673 911 2744 medium
929 2687 1054 2744 autem
1076 2673 1159 2768 ejus
1177 2672 1295 2770 longi·

193 2833 195 2838 ,
289 2785 432 2863 tudinis
450 2790 601 2889 patebat
620 2789 790 2864 foramen
815 2791 956 2891 'ellipsis
976 2787 1106 2862 forma.
1133 2794 1206 2862 Per
1224 2789 1294 2862 hoc

291 2910 442 3008 sanguis
456 2935 494 2982 se
509 2935 546 2982 se
567 2907 759 2982 effuderat.
799 2954 802 2962 =
934 2901 938 2908 ¹

300 3074 302 3082 ι
342 3029 398 3100 30.
419 3031 530 3099 Nunc
549 3015 773 3099 avenarum
801 3027 988 3100 varicibus
1013 3027 1059 3100 ad
1079 3051 1225 3126 magnae
1245 3053 1297 3099 ar·

292 3149 392 3219 terite
410 3135 672 3243 aneurysmata
690 3145 905 3233 redeamus,
925 3137 1004 3218 non
1019 3161 1130 3243 rupta
1141 3146 1207 3217 illa
1222 3148 1298 3244 qui·

292 3263 401 3350 dem3
420 3264 466 3336 de
479 3265 524 3336 iis
543 3255 643 3335 enim
659 3255 735 3359 jam
750 3263 836 3334 satis
846 3255 1029 3349 vidimus,
1048 3263 1114 3334 scd
1134 3264 1300 3361 repenti-

291 3407 385 3452 num
403 3396 530 3453 tamen
544 3373 738 3452 interitum
752 3375 954 3453 afferentia.
980 3385 1153 3472 Quorum
1177 3405 1299 3454 exem·

291 3499 355 3598 pla
374 3500 452 3571 haec
469 3493 542 3570 tria⁴
555 3501 704 3596 accipe,
721 3523 823 3570 ame
843 3497 1050 3571 observata.

343 3619 400 3690 31.
427 3614 704 3689 Materfamilias
731 3616 826 3688 duos
848 3632 885 3689 et
907 3616 1155 3714 quadraginta
1180 3641 1301 3688 annos

293 3751 399 3823 nata,
416 3735 483 3805 diu
499 3734 788 3828 valetudinaria,
805 3734 948 3833 diuque
964 3734 1135 3828 fobnoxia
1160 3736 1302 3829 vixerat

292 3879 520 3953 paroxysmo
541 3854 690 3924 cuidam
712 3853 759 3924 ad
778 3853 881 3923 hunc
899 3851 1056 3930 modum
1075 3851 1298 3926 se‘habenti.

294 3978 324 4045 A
341 3973 536 4044 concitatis
544 3971 717 4068 corporis
728 3969 900 4043 motibus·
908 3969 1109 4068 ingruebat
1121 3969 1300 4044 molestus
