2800 4674
260 407 332 493 184
429 427 475 476 ua
499 423 647 484 scurrus
672 425 716 478 aa
741 422 868 474 crusrs
894 423 1107 474 uoauoruu

258 548 304 630 lis
328 543 428 616 enim
453 554 548 626 erat,
569 553 609 610 ut
636 538 708 612 lata
732 536 974 634 scapularum
999 561 1082 610 ossa
1100 541 1295 636 proxime·

259 663 479 758 attingeret,
501 681 579 730 non
598 671 637 730 ut
656 653 702 729 ab
723 655 767 729 iis
781 653 979 744 recedens,
993 653 1132 730 faceret
1151 672 1194 730 ut
1211 658 1284 732 illa
1394 726 1395 729 ,

172 767 175 776 “
199 839 202 848 .
257 782 298 854 in
320 779 463 852 alarum
485 775 642 850 modum
660 773 937 872 pruminereut3
954 790 1036 848 tum
1059 776 1167 873 quod
1188 778 1284 850 uul-

257 900 414 972 luserat
434 893 603 968 hecticus
623 891 743 979 calor,
764 892 866 968 nulla
890 894 1072 991 pulsuum
1095 891 1282 992 frequen·
1393 919 1394 922 ¹

257 1019 330 1103 tia,
347 1013 451 1088 nulla
469 1014 566 1102 sitis,
586 1012 690 1088 nulla
712 1011 881 1110 spirandi
906 1010 1109 1086 difficultas
1132 1039 1183 1085 ne
1210 1039 1283 1112 per

261 1133 415 1206 acclivia
432 1130 585 1229 quidem
596 1129 966 1228 gradierrti31ande1n
977 1129 1083 1227 quud
1096 1130 1282 1204 diuturna

261 1252 347 1336 illa,
377 1266 413 1322 et
438 1248 736 1348 pertinacissima
761 1247 928 1322 raucedo
955 1250 1114 1322 omnino
1134 1267 1233 1322 esset
1260 1276 1281 1322 a

256 1369 438 1470 ¹plurimis
447 1369 524 1464 jarn
537 1365 672 1440 diebus
688 1365 844 1440 sublata.
860 1365 995 1440 Adhuc
1007 1381 1137 1440 tamen
1147 1371 1282 1457 tussiS,

261 1502 388 1588 sputa,
398 1489 604 1572 maciesrue
615 1486 816 1558 sollicitum
825 1485 1028 1558 habebant.
1046 1488 1166 1585 Magis
1179 1489 1283 1560 enim

263 1606 510 1680 macilentum
526 1604 725 1693 videbam,
744 1629 859 1702 quam
880 1629 926 1676 ex
945 1605 1080 1677 litteris
1099 1606 1284 1677 credidis-

266 1749 356 1798 sem.
377 1727 493 1823 Sputa
517 1739 664 1812 autem,
689 1723 758 1795 etsi
783 1747 829 1794 ex
856 1748 933 1820 quo
955 1738 1113 1796 cruenta
1132 1724 1221 1812 illa,
1247 1739 1284 1795 et

266 1857 446 1942 corrupta
467 1828 790 1941 expectoraverat‚
804 1865 1001 1940 uunquam
1018 1843 1190 1938 ejusdem
1202 1867 1283 1913 mo·

265 1961 305 2034 di
323 1977 596 2062 apparuera11t3
617 1976 742 2034 tamen
763 1959 957 2050 nondum,
976 1963 1165 2032 matutina
1188 1985 1284 2058 prae-

265 2083 416 2167 sertim,
443 2081 611 2152 colorem
641 2105 687 2152 ex
718 2077 888 2152 subflauo
916 2080 1132 2168 cinereum,
1170 2104 1283 2178 sapo-
1392 2075 1395 2104 ⁵

266 2223 349 2270 rem
365 2215 491 2270 autem
510 2198 723 2276 subsalsam
735 2199 947 2272 amiserant.
962 2199 1087 2272 Tussis
1101 2197 1284 2296 denique,
1394 2245 1395 2258 ,

269 2305 443 2414 quamuis
464 2316 586 2388 multo
613 2318 736 2388 rarior
760 2315 855 2390 facta
883 2343 952 2416 per
976 2317 1090 2388 horas
1115 2325 1285 2406 caeteras,

269 2436 428 2506 molesta
442 2434 566 2506 adhuc
577 2451 656 2508 erat
666 2437 901 2535 vespertinis,
911 2451 947 2508 et
958 2437 1287 2534 matutinis‚caque

246 2569 249 2571 ’
272 2553 364 2624 oriri
382 2578 426 2624 ex
442 2554 680 2633 irritamento
698 2555 1026 2642 intra-thoracem,
1041 2557 1288 2652 quantumvis

272 2695 483 2762 summum,
499 2671 707 2756 videbatur.
733 2673 904 2772 Augebat
919 2673 1216 2746 sollicitudinem
1234 2675 1287 2742 vi·
1389 2766 1392 2777 Ι

272 2792 398 2861 einum
412 2792 489 2887 jam
507 2805 657 2891 ternpus
686 2817 764 2890 quo
793 2791 952 2865 morbus
972 2808 1160 2891 coeperat,
1181 2791 1287 2890 quod
1391 2814 1395 2881 ζ

271 2932 350 2978 non
370 2923 610 3006 accusatque
634 2909 825 3006 hyemem,
851 2935 930 2980 non
955 2935 1030 2982 una
1056 2935 1116 2982 res
1144 2935 1288 3008 agrum
1394 2892 1396 2917 ⁷

273 3026 431 3127 cogebat
447 3028 646 3102 traducere
659 3030 698 3098 in
710 3029 841 3126 patria.
862 3029 921 3101 Ibi
935 3045 1060 3100 autem
1075 3048 1190 3126 quam
1210 3054 1288 3100 ma·

271 3158 373 3232 tura,
390 3146 587 3233 diuturna,
598 3148 697 3218 acria
708 3147 782 3218 s'urt
794 3144 950 3245 frigora,
967 3172 1055 3218 cum
1069 3147 1171 3220 illius
1181 3147 1287 3244 sedes

272 3285 315 3332 ac
333 3263 425 3337 situs
443 3265 648 3349 docebant,
664 3281 745 3338 tum
764 3267 964 3363 antiquum
984 3285 1159 3356 carmen,
1181 3265 1287 3365 quod

274 3382 425 3455 Caesaris
441 3383 625 3474 creditur,
641 3383 909 3475 confirmabat,

354 3601 464 3658 Feltria
469 3613 615 3674 perpetuo
626 3603 733 3661 aivum
745 3605 890 3662 damnata
906 3604 997 3678 rigori
1008 3582 1067 3680 (¹)*3

316 3969 360 4054 (a)
380 3975 471 4050 Apud
483 3976 626 4033 Bembum
637 3977 669 4033 in
682 3997 738 4036 rer.
754 3983 892 4038 Venetar.
908 3980 976 4038 hist.
991 3980 1010 4034 1.
1025 3997 1054 4054 9.
