2984 4670
263 433 330 478 ma.
360 431 399 477 11.
428 429 999 496 oruonnrsrnoaacrs‚rr1sr.
1028 436 1109 480 xxv.
1139 413 1211 510 379

204 567 274 618 ren
290 543 465 629 defuerit,
484 569 569 616 cum
581 561 677 618 esset
688 547 719 618 is
732 571 810 644 quo
821 571 898 618 uno
911 545 1029 637 homo
1042 550 1111 620 iste
1121 575 1212 647 prae·

204 663 305 738 ditus
328 679 423 752 erat,
444 665 608 736 naturali
628 665 907 763 magnitudine,
924 667 1104 764 et‚·quod
1120 692 1210 740 con·

200 784 396 880 sequitur,
412 807 492 854 non
510 798 655 854 tautum
675 784 757 856 lotii
770 800 1006 872 secerneret,
1028 803 1212 884 quantum

205 899 284 972 duo
303 900 566 990 secrevisseut3
584 924 676 971 num
693 900 782 972 inde
793 901 974 999 pleraque
989 902 1212 976 deducenda

206 1033 295 1092 sunt
306 1041 350 1090 ex
361 1019 406 1090 iis
417 1018 670 1092 incommodis
689 1018 831 1117 quihus
850 1019 994 1092 tamdiu
1021 1021 1212 1093 conflicta-

205 1137 319 1210 batur
339 1136 353 1206 Ρ
371 1162 463 1208 num
485 1138 691 1234 praesertim
716 1163 762 1208 ex
786 1162 863 1234 quo
888 1137 936 1208 ad
962 1139 1149 1210 minorem
1171 1165 1215 1210 ea

205 1279 281 1354 qua
300 1279 397 1354 opus
414 1252 563 1344 fuisset,
582 1257 775 1328 secretorii
789 1256 907 1326 urinae
926 1257 1060 1354 organi
1074 1258 1214 1353 magni·

205 1375 377 1456 tudinem
391 1373 494 1446 labes
512 1390 719 1448 accesserat
731 1374 856 1472 eliqua
872 1374 920 1446 ab
933 1376 1081 1446 interna
1095 1374 1213 1472 hyda-

204 1493 300 1582 tide,
325 1519 425 1591 quae,
443 1495 476 1564 si
496 1519 576 1564 non
603 1493 721 1582 aliud,
741 1509 778 1564 at
802 1508 902 1566 certe
927 1493 1071 1590 aliquid
1096 1493 1142 1564 de
1172 1517 1215 1566 ea

204 1609 466 1716 magnitudine
498 1609 738 1697 detrahebat,
773 1633 888 1695 num,
916 1610 1094 1704 inquam,
1124 1617 1214 1680 tunc

206 1726 436 1824 saltemplus
450 1746 556 1822 aquae
569 1727 608 1796 in
628 1724 775 1796 cerebri
790 1725 1011 1798 ventriculis
1030 1726 1216 1796 cumulari

206 1860 374 1941 coeptum
395 1845 478 1914 est?
493 1847 590 1916 Nam
609 1858 718 1916 antea
743 1867 896 1940 quoque
923 1843 1088 1939 aliquam
1117 1841 1215 1914 illius

206 1961 356 2060 copiam
373 1961 413 2032 in
435 1962 479 2033 iis
494 1957 626 2048 fuisse,
644 1961 775 2058 capitis
796 1959 984 2048 debilitas,
1009 1976 1046 2030 et
1068 1985 1151 2056 quae
1169 1960 1216 2030 ad
1320 1991 1323 1994 ·

205 2079 401 2152 thoracem
416 2075 627 2152 attinebant
643 2078 886 2150 incommoda
907 2078 1086 2179 videntur
1103 2079 1217 2176 signi-

205 2195 337 2284 ficare,
355 2217 443 2266 cum
472 2198 512 2266 in
534 2197 599 2268 illo
626 2195 722 2268 nihil
746 2213 945 2296 praeterea,
963 2198 1002 2268 in
1031 2195 1105 2268 hoo
1126 2218 1215 2268 vero

205 2313 303 2387 nihil
318 2339 388 2412 per
405 2317 610 2389 sectionem
630 2315 910 2414 deprehensum
928 2318 996 2406 sit,
1014 2316 1119 2414 quod
1136 2341 1216 2388 me-

205 2434 280 2504 rito
291 2454 452 2506 accuses.
467 2438 610 2512 Verum
624 2434 817 2508 undenam
833 2433 960 2524 fiebat,
971 2450 1014 2508 ut
1031 2435 1216 2534 praeeipue

205 2550 299 2624 dum
317 2567 451 2639 staret,
467 2552 541 2652 illis
551 2555 814 2650 corriperetur
826 2553 1026 2651 deliquiis?
1041 2556 1099 2625 An
1110 2551 1217 2651 quod
1258 2615 1260 2618 .

204 2671 335 2752 nullus
352 2671 470 2768 magis
490 2696 603 2768 quam
623 2674 773 2761 stantis,¹
792 2672 988 2750 hominem
1007 2673 1117 2744 lasset
1132 2696 1217 2742 cor-

205 2790 312 2886 poris
336 2788 461 2860 situs?
485 2794 543 2860 An
562 2790 667 2886 quod
684 2791 960 2880 ventriculum,
980 2793 1057 2887 jam
1084 2815 1153 2888 per
1179 2815 1217 2863 se

206 2905 392 2996 debilem,
420 2906 574 3005 pondus
605 2923 697 2980 tunc
727 2911 846 3008 magis
875 2908 1099 2984 distraheret
1121 2933 1218 3006 pue·

206 3025 361 3121 mandis
382 3027 647 3098 omentilfloc
668 3043 793 3100 autem
816 3027 919 3099 unde
939 3029 990 3100 sie
1008 3027 1218 3097 intortum?

206 3143 247 3212 st
262 3163 307 3214 ex
323 3143 481 3216 historia-
499 3161 715 3243 appareret‚
734 3146 827 3242 quid
847 3160 982 3244 preter
998 3166 1042 3216 ea
1060 3169 1142 3241 quae
1154 3143 1218 3214 ad·

206 3275 337 3340 notata
355 3278 464 3352 sunt,
481 3263 630 3336 homini
644 3279 708 3338 aut
720 3266 971 3352 extrinsecus,
985 3279 1049 3334 aut
1058 3263 1218 3335 interius

206 3378 422 3470 accidisset,
447 3382 549 3454 unde
572 3399 769 3456 omentum
796 3383 860 3454 diu
885 3384 924 3452 in
949 3405 1069 3453 unum
1090 3382 1218 3452 locum

208 3493 308 3592 adigi
331 3500 610 3598 comprimique
626 3518 774 3599 posset,
793 3523 874 3574 rem
895 3523 1086 3599 exponere
1103 3513 1219 3569 ¹cona-

208 3635 271 3687 rer
290 3613 338 3684 ed
359 3638 445 3686 cum
459 3613 535 3688 fere
550 3620 708 3690 modum
728 3619 774 3692 ad
795 3625 910 3718 quem
934 3615 1217 3716 Ruyschius(1)

250 3981 293 4058 (ι)
314 3983 386 4040 Oba.
402 3994 480 4040 anat.
495 3985 568 4044 ehir.
583 3986 631 4044 63.
669 4055 673 4062 ³
755 4053 760 4066 ,
