2816 4668
138 517 207 564 ma.
235 517 275 562 ιι.
303 516 350 563 nr
375 511 511 562 nonus
536 511 737 576 ruoaacrs,
762 512 873 560 musr.
901 499 998 560 xxvi.
1028 487 1099 576 465

95 653 201 700 mum
216 653 297 726 quae
313 629 353 698 in
369 626 439 697 hac
455 623 691 722 Sepulchreti
702 626 867 696 sectione
880 625 934 722 (1)
947 635 1044 698 extat
1054 626 1102 698 de

96 745 240 832 milite,
266 745 388 816 subito
413 757 508 841 post
539 742 691 838 longum
714 767 911 814 moerorem
932 757 1100 830 mortuo,

97 864 187 960 qui,
208 863 408 933 visceribus
426 860 577 956 reliquis
590 857 724 947 salvas,
743 860 907 933 dabuit'
893 887 930 932 m
938 867 1104 959 peri-cm

97 978 164 1055 dto
178 1003 256 1050 non
273 1004 415 1104 aquam
427 976 562 1062 modo,
583 977 652 1048 sed
672 992 709 1048 et
732 1002 925 1076 copiosum
951 985 1105 1110 sangui-

99 1121 183 1167 nem
202 1064 422 1168 concretum
450 1093 535 1166 Ubi
532 1095 613 1166 etsi
631 1095 670 1164 in
689 1093 835 1166 scholio
864 1121 1022 1194 quoque
1049 1098 1105 1166 in·

85 1213 287 1288 'culcatum
310 1211 472 1302 videbis,
504 1210 685 1283 obrutum
708 1235 1013 1310 oppressumque
1041 1239 1108 1287 con

101 1327 214 1402 fuisse
228 1346 306 1402 tum
325 1333 373 1402 ob
390 1355 504 1427 aquae
523 1335 654 1430 copia,
678 1343 756 1403 tum
777 1357 802 1400 α
816 1339 1018 1432 sanguina
1038 1335 1108 1404 mi-

102 1449 204 1518 nime
223 1462 348 1520 tamen
364 1471 515 1522 necesse
533 1462 589 1518 est
610 1447 721 1519 aliam
738 1473 874 1545 aquam
899 1447 1011 1524 fuisse
1027 1475 1109 1522 cre·

104 1563 189 1652 das,
211 1591 323 1662 quam
339 1589 463 1636 serum
483 1589 503 1633 a
520 1543 701 1634 concreta
716 1567 909 1659 sanguinis
928 1583 1034 1662 parte
1054 1594 1109 1642 re·

103 1683 207 1780 liqna
218 1682 434 1770 ,uberiore',
450 1695 581 1752 utnon
595 1703 680 1752 raro
693 1677 751 1767 fit,
764 1682 871 1776 copia
885 1699 1108 1778 separatum.

105 1803 153 1870 ln
171 1797 230 1870 his
253 1800 367 1896 igitur
384 1797 550 1870 historiis
572 1796 668 1868 illud
695 1811 840 1868 certum
866 1812 941 1885 est,
963 1803 1113 1898 sangui-

106 1942 195 1988 nem
220 1941 265 1987 ex
291 1917 426 2012 majori
450 1914 510 1986 vel
529 1913 660 1987 saltem
678 1914 861 1986 mediocri
879 1939 964 1988 vase
983 1918 1112 2014 aliquo

107 2060 184 2112 nec¹
194 2034 368 2132 perexili,
386 2039 417 2106 si
436 2033 641 2130 praesertim
657 2031 697 2106 id
710 2057 804 2104 vena
820 2029 908 2119 fuit,
928 2031 1113 2108 foramine

108 2135 283 2251 pertuso,
303 2151 343 2221 in
362 2151 614 2248 pericardium
636 2151 826 2248 erupisse3
853 2175 873 2224 e
902 2177 986 2224 vase
1011 2154 1113 2250 enim

108 2271 259 2367 exiguo,
269 2283 332 2340 aut
342 2292 410 2365 per
421 2269 572 2343 te'nuius
584 2265 754 2338 foramen
767 2283 804 2338 et
817 2269 917 2342 lente
932 2267 1113 2360 defluens,

109 2400 153 2456 ut
178 2385 321 2458 tardius
344 2385 494 2458 adeam
518 2387 666 2484 copiam
688 2387 851 2473 exiisset,
870 2389 923 2460 sic
951 2404 1114 2488 mortem

111 2503 207 2576 adeo
222 2503 383 2576 subitam
401 2529 480 2574 non
495 2503 688 2576 attulisset.
709 2507 795 2595 Quo
812 2520 938 2578 autem
965 2533 1010 2578 ex
1028 2532 1114 2580 vase

111 2622 294 2720 eruperit,
310 2622 497 2721 incertum
522 2638 593 2710 est,
609 2637 767 2720 propter
785 2648 918 2698 eorum
940 2627 1006 2723 qui
1023 2651 1115 2724 pro-

110 2739 356 2812 sectoris'vice
366 2736 641 2838 fungebantur,
655 2756 720 2812 aut
733 2741 960 2838 imperitiam
976 2758 1041 2814 aut
1050 2770 1116 2816 ne-

112 2861 338 2958 gligentiam.
369 2863 556 2958 Sanguine
585 2862 686 2949 enim
712 2874 895 2958 exempto
917 2863 1116 2958 elutoque,

111 2977 317 3050 illiusmodi
327 2976 496 3050 foramen
510 2978 624 3050 latere
644 3003 723 3048 non
742 2993 909 3074 poterat,
928 2980 1004 3050 sive
1021 2979 1059 3048 id
1077 2983 1116 3050 in

110 3094 331 3169 ventriculis
347 3095 569 3166 auriculisve
593 3094 718 3165 cordis
736 3110 850 3180 esset,
872 3119 955 3192 quae
976 3094 1038 3166 hic
1055 3119 1118 3168 va·

112 3236 244 3285 sorum
272 3214 427 3283 nomine
450 3210 836 3310 comprehendemus,
859 3212 937 3282 sive
962 3213 1002 3282 in
1024 3213 1119 3286 vasis

116 3331 190 3402 illis
209 3329 350 3401 caeteris
375 3332 529 3427 proprie
550 3329 679 3416 dictis,
700 3352 779 3398 non
803 3330 980 3404 'maximis
1003 3330 1120 3402 modo

115 3447 182 3519 sed
202 3463 238 3518 et
261 3446 536 3535 mediocribus,
566 3438 719 3543 qualia,
748 3448 955 3544 praesertim
979 3446 1026 3518 ad
1051 3447 1119 3523 ba·

116 3567 187 3638 sim
207 3565 332 3637 cordis
349 3579 437 3636 sunt
452 3567 664 3653 coronaria;
685 3566 906 3661 sanguinem
925 3567 1026 3635 enim
1042 3591 1120 3663 quo

116 3684 369 3783 pericardium
388 3683 593 3755 distentum
611 3699 690 3755 erat
708 3685 747 3753 in
765 3697 937 3754 matrona
949 3683 1004 3779 (ι)
1021 3684 1122 3754 item·

848 3863 1118 3882 -ss-——a—-n

157 3967 357 4046 (1)0b5.1l1.

157 4067 201 4145 (a)
224 4071 388 4130 Commerc.
403 4069 512 4143 litter,
524 4087 572 4126 an.
589 4069 681 4141 1732,
697 4063 785 4126 hebd.
801 4074 854 4140 ιιι,
869 4087 899 4124 ιι.
918 4073 945 4133 l.

194 4167 266 4239 3.

927 4165 974 4238 30
