<?xml version="1.0" encoding="UTF-8"?>
<!DOCTYPE html PUBLIC "-//W3C//DTD XHTML 1.0 Transitional//EN"
    "http://www.w3.org/TR/xhtml1/DTD/xhtml1-transitional.dtd">
<html xmlns="http://www.w3.org/1999/xhtml" xml:lang="en" lang="en">
 <head>
  <title>
</title>
<meta http-equiv="Content-Type" content="text/html;charset=utf-8" />
  <meta name='ocr-system' content='tesseract 3.04.00' />
  <meta name='ocr-capabilities' content='ocr_page ocr_carea ocr_par ocr_line ocrx_word'/>
</head>
<body>
  <div class='ocr_page' id='page_1' title='image "./desedibusetcaus01adelgoog_0074.png"; bbox 0 0 2850 4668; ppageno 0'>
   <div class='ocr_carea' id='block_1_1' title="bbox 160 449 1087 531">
    <p class='ocr_par' dir='ltr' id='par_1_1' title="bbox 160 449 1087 531">
     <span class='ocr_line' id='line_1_1' title="bbox 160 449 1087 531; baseline 0.005 -14"><span class='ocrx_word' id='word_1_1' title='bbox 160 469 229 519; x_wconf 78' lang='lat' dir='ltr'>urs.</span> <span class='ocrx_word' id='word_1_2' title='bbox 257 467 298 516; x_wconf 88' lang='lat'>11.</span> <span class='ocrx_word' id='word_1_3' title='bbox 326 467 373 515; x_wconf 81' lang='lat' dir='ltr'>nu</span> <span class='ocrx_word' id='word_1_4' title='bbox 398 465 532 514; x_wconf 79' lang='lat' dir='ltr'>nonnis</span> <span class='ocrx_word' id='word_1_5' title='bbox 556 463 752 531; x_wconf 69' lang='lat' dir='ltr'>ricomere,</span> <span class='ocrx_word' id='word_1_6' title='bbox 776 467 887 516; x_wconf 82' lang='lat' dir='ltr'>srrsr.</span> <span class='ocrx_word' id='word_1_7' title='bbox 911 472 987 516; x_wconf 80' lang='lat' dir='ltr'>xxr.</span> <span class='ocrx_word' id='word_1_8' title='bbox 1038 449 1087 522; x_wconf 82' lang='lat'>65</span> 
     </span>
    </p>
   </div>
   <div class='ocr_carea' id='block_1_2' title="bbox 24 576 1090 3833">
    <p class='ocr_par' dir='ltr' id='par_1_2' title="bbox 24 576 1090 3251">
     <span class='ocr_line' id='line_1_2' title="bbox 89 576 1087 683; baseline 0.005 -32"><span class='ocrx_word' id='word_1_9' title='bbox 89 582 229 654; x_wconf 74' lang='lat' dir='ltr'>rationi</span> <span class='ocrx_word' id='word_1_10' title='bbox 247 581 461 655; x_wconf 87' lang='lat' dir='ltr'>convenire.</span> <span class='ocrx_word' id='word_1_11' title='bbox 480 580 549 652; x_wconf 90' lang='lat' dir='ltr'>Cui</span> <span class='ocrx_word' id='word_1_12' title='bbox 567 580 597 651; x_wconf 93' lang='lat' dir='ltr'>si</span> <span class='ocrx_word' id='word_1_13' title='bbox 612 576 706 650; x_wconf 86' lang='lat' dir='ltr'>forte</span> <span class='ocrx_word' id='word_1_14' title='bbox 719 605 837 652; x_wconf 90' lang='lat' dir='ltr'>unum</span> <span class='ocrx_word' id='word_1_15' title='bbox 858 581 951 654; x_wconf 93' lang='lat' dir='ltr'>illud</span> <span class='ocrx_word' id='word_1_16' title='bbox 966 609 1087 683; x_wconf 90' lang='lat' dir='ltr'>oppo-</span> 
     </span>
     <span class='ocr_line' id='line_1_3' title="bbox 89 695 1087 798; baseline 0.005 -28"><span class='ocrx_word' id='word_1_17' title='bbox 89 700 127 770; x_wconf 88' lang='lat' dir='ltr'>ni</span> <span class='ocrx_word' id='word_1_18' title='bbox 144 699 259 798; x_wconf 83' lang='lat' dir='ltr'>igitur</span> <span class='ocrx_word' id='word_1_19' title='bbox 290 721 397 796; x_wconf 89' lang='lat' dir='ltr'>posse</span> <span class='ocrx_word' id='word_1_20' title='bbox 428 697 627 785; x_wconf 83' lang='lat' dir='ltr'>existimas,</span> <span class='ocrx_word' id='word_1_21' title='bbox 653 695 868 768; x_wconf 82' lang='lat' dir='ltr'><strong>decubitum</strong></span> <span class='ocrx_word' id='word_1_22' title='bbox 896 699 1087 792; x_wconf 83' lang='lat' dir='ltr'>videlicet,</span> 
     </span>
     <span class='ocr_line' id='line_1_4' title="bbox 90 814 1089 914; baseline 0.003 -27"><span class='ocrx_word' id='word_1_23' title='bbox 90 816 133 888; x_wconf 88' lang='lat' dir='ltr'>de</span> <span class='ocrx_word' id='word_1_24' title='bbox 149 840 226 913; x_wconf 91' lang='lat' dir='ltr'>quo</span> <span class='ocrx_word' id='word_1_25' title='bbox 244 814 481 902; x_wconf 76' lang='lat' dir='ltr'>dicebamuS,</span> <span class='ocrx_word' id='word_1_26' title='bbox 495 814 755 901; x_wconf 89' lang='lat' dir='ltr'>morientium,</span> <span class='ocrx_word' id='word_1_27' title='bbox 775 815 880 910; x_wconf 83' lang='lat' dir='ltr'>quasi</span> <span class='ocrx_word' id='word_1_28' title='bbox 897 820 1089 914; x_wconf 86' lang='lat' dir='ltr'>sanguinis</span> 
     </span>
     <span class='ocr_line' id='line_1_5' title="bbox 89 931 1088 1030; baseline 0.005 -26"><span class='ocrx_word' id='word_1_29' title='bbox 89 935 126 1004; x_wconf 87' lang='lat' dir='ltr'>in</span> <span class='ocrx_word' id='word_1_30' title='bbox 149 933 354 1006; x_wconf 81' lang='lat' dir='ltr'>decliviora</span> <span class='ocrx_word' id='word_1_31' title='bbox 378 931 552 1030; x_wconf 84' lang='lat' dir='ltr'>delapsus</span> <span class='ocrx_word' id='word_1_32' title='bbox 579 953 657 1002; x_wconf 88' lang='lat' dir='ltr'>non</span> <span class='ocrx_word' id='word_1_33' title='bbox 678 945 830 1004; x_wconf 83' lang='lat' dir='ltr'>externa</span> <span class='ocrx_word' id='word_1_34' title='bbox 857 933 990 1021; x_wconf 88' lang='lat' dir='ltr'>mod0,</span> <span class='ocrx_word' id='word_1_35' title='bbox 1023 938 1088 1008; x_wconf 91' lang='lat' dir='ltr'>sed</span> 
     </span>
     <span class='ocr_line' id='line_1_6' title="bbox 24 1048 1090 1145; baseline 0.004 -24"><span class='ocrx_word' id='word_1_36' title='bbox 24 1103 25 1112; x_wconf 17' lang='grc' dir='ltr'><strong>κ</strong></span> <span class='ocrx_word' id='word_1_37' title='bbox 89 1050 195 1122; x_wconf 87' lang='lat' dir='ltr'>etiam</span> <span class='ocrx_word' id='word_1_38' title='bbox 222 1050 372 1120; x_wconf 88' lang='lat' dir='ltr'>interna</span> <span class='ocrx_word' id='word_1_39' title='bbox 397 1048 522 1120; x_wconf 85' lang='lat' dir='ltr'>lateris</span> <span class='ocrx_word' id='word_1_40' title='bbox 538 1071 640 1132; x_wconf 79' lang='lat' dir='ltr'>vasa,</span> <span class='ocrx_word' id='word_1_41' title='bbox 667 1071 874 1145; x_wconf 88' lang='lat' dir='ltr'>eorumque</span> <span class='ocrx_word' id='word_1_42' title='bbox 895 1075 1090 1124; x_wconf 88' lang='lat' dir='ltr'>ramuscu-</span> 
     </span>
     <span class='ocr_line' id='line_1_7' title="bbox 88 1163 1088 1266; baseline 0.005 -30"><span class='ocrx_word' id='word_1_43' title='bbox 88 1165 142 1239; x_wconf 87' lang='lat' dir='ltr'>los</span> <span class='ocrx_word' id='word_1_44' title='bbox 153 1164 423 1250; x_wconf 89' lang='lat' dir='ltr'>distendend0,</span> <span class='ocrx_word' id='word_1_45' title='bbox 434 1163 578 1262; x_wconf 75' lang='lat' dir='ltr'>&#39;pleurae</span> <span class='ocrx_word' id='word_1_46' title='bbox 591 1188 742 1262; x_wconf 92' lang='lat' dir='ltr'>quoque</span> <span class='ocrx_word' id='word_1_47' title='bbox 759 1165 933 1258; x_wconf 84' lang='lat' dir='ltr'>livorem,</span> <span class='ocrx_word' id='word_1_48' title='bbox 947 1169 1013 1266; x_wconf 92' lang='lat' dir='ltr'>qui</span> <span class='ocrx_word' id='word_1_49' title='bbox 1024 1195 1088 1242; x_wconf 87' lang='lat' dir='ltr'>an-</span> 
     </span>
     <span class='ocr_line' id='line_1_8' title="bbox 87 1279 1089 1386; baseline 0.007 -32"><span class='ocrx_word' id='word_1_50' title='bbox 87 1296 144 1355; x_wconf 85' lang='lat' dir='ltr'>tea</span> <span class='ocrx_word' id='word_1_51' title='bbox 170 1307 251 1354; x_wconf 88' lang='lat' dir='ltr'>non</span> <span class='ocrx_word' id='word_1_52' title='bbox 275 1296 391 1371; x_wconf 86' lang='lat' dir='ltr'>esset,</span> <span class='ocrx_word' id='word_1_53' title='bbox 412 1295 505 1352; x_wconf 81' lang='lat' dir='ltr'>tunc</span> <span class='ocrx_word' id='word_1_54' title='bbox 533 1279 732 1370; x_wconf 57' lang='lat' dir='ltr'>olfecissem</span> <span class='ocrx_word' id='word_1_55' title='bbox 754 1283 784 1354; x_wconf 91' lang='lat' dir='ltr'>si</span> <span class='ocrx_word' id='word_1_56' title='bbox 809 1280 917 1374; x_wconf 87' lang='lat' dir='ltr'>forte,</span> <span class='ocrx_word' id='word_1_57' title='bbox 933 1287 1089 1386; x_wconf 89' lang='lat' dir='ltr'>inquam</span> 
     </span>
     <span class='ocr_line' id='line_1_9' title="bbox 90 1398 1087 1503; baseline 0.009 -32"><span class='ocrx_word' id='word_1_58' title='bbox 90 1401 137 1471; x_wconf 93' lang='lat' dir='ltr'>sic</span> <span class='ocrx_word' id='word_1_59' title='bbox 162 1400 371 1488; x_wconf 85' lang='lat' dir='ltr'>existimas,</span> <span class='ocrx_word' id='word_1_60' title='bbox 398 1400 564 1498; x_wconf 85' lang='lat' dir='ltr'>primum</span> <span class='ocrx_word' id='word_1_61' title='bbox 588 1398 673 1471; x_wconf 86' lang='lat' dir='ltr'>vide</span> <span class='ocrx_word' id='word_1_62' title='bbox 697 1425 790 1470; x_wconf 90' lang='lat' dir='ltr'>num</span> <span class='ocrx_word' id='word_1_63' title='bbox 814 1403 853 1472; x_wconf 90' lang='lat' dir='ltr'>in</span> <span class='ocrx_word' id='word_1_64' title='bbox 884 1403 980 1476; x_wconf 88' lang='lat' dir='ltr'>latus</span> <span class='ocrx_word' id='word_1_65' title='bbox 1009 1431 1087 1503; x_wconf 90' lang='lat' dir='ltr'>quo</span> 
     </span>
     <span class='ocr_line' id='line_1_10' title="bbox 90 1516 1089 1616; baseline 0.01 -29"><span class='ocrx_word' id='word_1_66' title='bbox 90 1516 234 1604; x_wconf 89' lang='lat' dir='ltr'>dolent,</span> <span class='ocrx_word' id='word_1_67' title='bbox 250 1517 386 1590; x_wconf 88' lang='lat' dir='ltr'>cubare</span> <span class='ocrx_word' id='word_1_68' title='bbox 405 1517 548 1590; x_wconf 83' lang='lat' dir='ltr'>soleant</span> <span class='ocrx_word' id='word_1_69' title='bbox 562 1516 768 1616; x_wconf 88' lang='lat' dir='ltr'>pleuritici,</span> <span class='ocrx_word' id='word_1_70' title='bbox 787 1517 923 1592; x_wconf 89' lang='lat' dir='ltr'>deinde</span> <span class='ocrx_word' id='word_1_71' title='bbox 940 1537 977 1593; x_wconf 88' lang='lat' dir='ltr'>et</span> <span class='ocrx_word' id='word_1_72' title='bbox 995 1521 1089 1598; x_wconf 90' lang='lat' dir='ltr'>illud</span> 
     </span>
     <span class='ocr_line' id='line_1_11' title="bbox 29 1632 1087 1733; baseline 0.009 -31"><span class='ocrx_word' id='word_1_73' title='bbox 29 1641 31 1650; x_wconf 83' lang='grc'>’</span> <span class='ocrx_word' id='word_1_74' title='bbox 88 1634 188 1725; x_wconf 87' lang='lat' dir='ltr'>vide,</span> <span class='ocrx_word' id='word_1_75' title='bbox 206 1660 257 1707; x_wconf 88' lang='lat' dir='ltr'>ne</span> <span class='ocrx_word' id='word_1_76' title='bbox 277 1659 383 1707; x_wconf 89' lang='lat' dir='ltr'>casus</span> <span class='ocrx_word' id='word_1_77' title='bbox 410 1633 636 1730; x_wconf 87' lang='lat' dir='ltr'>objiciantur</span> <span class='ocrx_word' id='word_1_78' title='bbox 659 1633 729 1705; x_wconf 90' lang='lat' dir='ltr'>tibi</span> <span class='ocrx_word' id='word_1_79' title='bbox 756 1632 1087 1733; x_wconf 86' lang='lat' dir='ltr'>pleurititicorum,</span> 
     </span>
     <span class='ocr_line' id='line_1_12' title="bbox 89 1748 1089 1848; baseline 0.009 -26"><span class='ocrx_word' id='word_1_80' title='bbox 89 1753 171 1847; x_wconf 91' lang='lat' dir='ltr'>qui,</span> <span class='ocrx_word' id='word_1_81' title='bbox 197 1765 241 1823; x_wconf 89' lang='lat' dir='ltr'>ut</span> <span class='ocrx_word' id='word_1_82' title='bbox 267 1755 350 1823; x_wconf 81' lang='lat' dir='ltr'>Dux</span> <span class='ocrx_word' id='word_1_83' title='bbox 374 1748 664 1848; x_wconf 85' lang='lat' dir='ltr'>Rupefucaldius</span> <span class='ocrx_word' id='word_1_84' title='bbox 699 1749 769 1848; x_wconf 85' lang='grc' dir='ltr'>(ι)</span> <span class='ocrx_word' id='word_1_85' title='bbox 796 1769 918 1826; x_wconf 88' lang='lat' dir='ltr'>erecta</span> <span class='ocrx_word' id='word_1_86' title='bbox 944 1758 1089 1832; x_wconf 81' lang='lat' dir='ltr'>cervice</span> 
     </span>
     <span class='ocr_line' id='line_1_13' title="bbox 88 1865 1089 1964; baseline 0.009 -27"><span class='ocrx_word' id='word_1_87' title='bbox 88 1866 133 1937; x_wconf 91' lang='lat' dir='ltr'>ad</span> <span class='ocrx_word' id='word_1_88' title='bbox 154 1865 303 1940; x_wconf 90' lang='lat' dir='ltr'>obitum</span> <span class='ocrx_word' id='word_1_89' title='bbox 326 1891 446 1963; x_wconf 89' lang='lat' dir='ltr'>usque</span> <span class='ocrx_word' id='word_1_90' title='bbox 470 1867 611 1964; x_wconf 87' lang='lat' dir='ltr'>spirare</span> <span class='ocrx_word' id='word_1_91' title='bbox 630 1866 768 1954; x_wconf 81' lang='lat' dir='ltr'>coacti,</span> <span class='ocrx_word' id='word_1_92' title='bbox 789 1867 940 1938; x_wconf 87' lang='lat' dir='ltr'>lividam</span> <span class='ocrx_word' id='word_1_93' title='bbox 964 1885 1089 1945; x_wconf 87' lang='lat' dir='ltr'>tamen</span> 
     </span>
     <span class='ocr_line' id='line_1_14' title="bbox 87 1980 1090 2077; baseline 0.006 -23"><span class='ocrx_word' id='word_1_94' title='bbox 87 1983 203 2056; x_wconf 90' lang='lat' dir='ltr'>altero</span> <span class='ocrx_word' id='word_1_95' title='bbox 237 1985 277 2054; x_wconf 90' lang='lat' dir='ltr'>in</span> <span class='ocrx_word' id='word_1_96' title='bbox 300 1983 414 2054; x_wconf 88' lang='lat' dir='ltr'>latere</span> <span class='ocrx_word' id='word_1_97' title='bbox 442 1996 480 2052; x_wconf 88' lang='lat' dir='ltr'>et</span> <span class='ocrx_word' id='word_1_98' title='bbox 503 1995 652 2069; x_wconf 87' lang='lat' dir='ltr'>cutem,</span> <span class='ocrx_word' id='word_1_99' title='bbox 680 1995 716 2052; x_wconf 92' lang='lat' dir='ltr'>et</span> <span class='ocrx_word' id='word_1_100' title='bbox 746 1980 916 2077; x_wconf 89' lang='lat' dir='ltr'>pleuram</span> <span class='ocrx_word' id='word_1_101' title='bbox 943 1985 1090 2059; x_wconf 91' lang='lat' dir='ltr'>habue-</span> 
     </span>
     <span class='ocr_line' id='line_1_15' title="bbox 85 2097 1089 2194; baseline 0.008 -24"><span class='ocrx_word' id='word_1_102' title='bbox 85 2116 185 2171; x_wconf 87' lang='lat' dir='ltr'>ruut.</span> <span class='ocrx_word' id='word_1_103' title='bbox 207 2099 280 2172; x_wconf 91' lang='lat' dir='ltr'>Sed</span> <span class='ocrx_word' id='word_1_104' title='bbox 305 2097 384 2169; x_wconf 85' lang='lat' dir='ltr'>haec</span> <span class='ocrx_word' id='word_1_105' title='bbox 410 2111 452 2168; x_wconf 89' lang='lat' dir='ltr'>tu</span> <span class='ocrx_word' id='word_1_106' title='bbox 477 2097 624 2170; x_wconf 83' lang='lat' dir='ltr'>videris</span> <span class='ocrx_word' id='word_1_107' title='bbox 644 2099 776 2194; x_wconf 89' lang='lat' dir='ltr'>Neque</span> <span class='ocrx_word' id='word_1_108' title='bbox 800 2099 901 2170; x_wconf 89' lang='lat' dir='ltr'>enim</span> <span class='ocrx_word' id='word_1_109' title='bbox 927 2101 1020 2173; x_wconf 91' lang='lat' dir='ltr'>mihi</span> <span class='ocrx_word' id='word_1_110' title='bbox 1035 2107 1089 2178; x_wconf 87' lang='lat' dir='ltr'>sic</span> 
     </span>
     <span class='ocr_line' id='line_1_16' title="bbox 84 2214 1088 2314; baseline 0.005 -28"><span class='ocrx_word' id='word_1_111' title='bbox 84 2240 167 2288; x_wconf 87' lang='lat' dir='ltr'>rem</span> <span class='ocrx_word' id='word_1_112' title='bbox 180 2216 366 2314; x_wconf 82' lang='lat' dir='ltr'>explicare</span> <span class='ocrx_word' id='word_1_113' title='bbox 381 2237 533 2288; x_wconf 88' lang='lat' dir='ltr'>necesse</span> <span class='ocrx_word' id='word_1_114' title='bbox 548 2229 613 2286; x_wconf 86' lang='lat' dir='ltr'>est.</span> <span class='ocrx_word' id='word_1_115' title='bbox 625 2216 699 2304; x_wconf 81' lang='lat' dir='ltr'>Qui</span> <span class='ocrx_word' id='word_1_116' title='bbox 714 2216 782 2286; x_wconf 91' lang='lat' dir='ltr'>etsi</span> <span class='ocrx_word' id='word_1_117' title='bbox 795 2214 950 2290; x_wconf 84' lang='lat' dir='ltr'>livorem</span> <span class='ocrx_word' id='word_1_118' title='bbox 962 2221 1088 2312; x_wconf 90' lang='lat' dir='ltr'>istum,</span> 
     </span>
     <span class='ocr_line' id='line_1_17' title="bbox 87 2330 1087 2434; baseline 0.006 -31"><span class='ocrx_word' id='word_1_119' title='bbox 87 2346 122 2404; x_wconf 88' lang='lat' dir='ltr'>et</span> <span class='ocrx_word' id='word_1_120' title='bbox 140 2347 271 2405; x_wconf 83' lang='lat' dir='ltr'>caetera</span> <span class='ocrx_word' id='word_1_121' title='bbox 294 2359 374 2430; x_wconf 84' lang='lat' dir='ltr'>quae</span> <span class='ocrx_word' id='word_1_122' title='bbox 395 2332 486 2434; x_wconf 64' lang='lat' dir='ltr'>disit</span> <span class='ocrx_word' id='word_1_123' title='bbox 507 2330 697 2418; x_wconf 65' lang='lat' dir='ltr'>molanus,</span> <span class='ocrx_word' id='word_1_124' title='bbox 725 2333 765 2402; x_wconf 87' lang='lat' dir='ltr'>in</span> <span class='ocrx_word' id='word_1_125' title='bbox 787 2355 918 2404; x_wconf 87' lang='lat' dir='ltr'>eorum</span> <span class='ocrx_word' id='word_1_126' title='bbox 936 2335 1087 2432; x_wconf 84' lang='lat' dir='ltr'>pleura,</span> 
     </span>
     <span class='ocr_line' id='line_1_18' title="bbox 87 2447 1087 2548; baseline 0.007 -28"><span class='ocrx_word' id='word_1_127' title='bbox 87 2447 131 2520; x_wconf 88' lang='lat' dir='ltr'>de</span> <span class='ocrx_word' id='word_1_128' title='bbox 149 2451 290 2548; x_wconf 88' lang='lat' dir='ltr'>quibus</span> <span class='ocrx_word' id='word_1_129' title='bbox 306 2451 368 2524; x_wconf 90' lang='lat' dir='ltr'>hic</span> <span class='ocrx_word' id='word_1_130' title='bbox 388 2451 543 2548; x_wconf 89' lang='lat' dir='ltr'>loquor,</span> <span class='ocrx_word' id='word_1_131' title='bbox 557 2451 850 2547; x_wconf 67' lang='lat' dir='ltr'>conspexissem</span> <span class='ocrx_word' id='word_1_132' title='bbox 870 2465 995 2523; x_wconf 90' lang='lat' dir='ltr'>tamen</span> <span class='ocrx_word' id='word_1_133' title='bbox 1009 2479 1087 2528; x_wconf 89' lang='lat' dir='ltr'>non</span> 
     </span>
     <span class='ocr_line' id='line_1_19' title="bbox 88 2565 1088 2668; baseline 0.009 -35"><span class='ocrx_word' id='word_1_134' title='bbox 88 2565 172 2638; x_wconf 90' lang='lat' dir='ltr'>inde</span> <span class='ocrx_word' id='word_1_135' title='bbox 186 2569 313 2665; x_wconf 89' lang='lat' dir='ltr'>potius</span> <span class='ocrx_word' id='word_1_136' title='bbox 328 2569 459 2639; x_wconf 88' lang='lat' dir='ltr'>mortis</span> <span class='ocrx_word' id='word_1_137' title='bbox 470 2589 617 2638; x_wconf 84' lang='lat' dir='ltr'>causam</span> <span class='ocrx_word' id='word_1_138' title='bbox 629 2619 639 2653; x_wconf 92' lang='lat'>,</span> <span class='ocrx_word' id='word_1_139' title='bbox 653 2590 765 2662; x_wconf 87' lang='lat' dir='ltr'>quam</span> <span class='ocrx_word' id='word_1_140' title='bbox 779 2580 914 2637; x_wconf 87' lang='lat' dir='ltr'>atauto</span> <span class='ocrx_word' id='word_1_141' title='bbox 925 2569 991 2640; x_wconf 89' lang='lat' dir='ltr'>illo</span> <span class='ocrx_word' id='word_1_142' title='bbox 1003 2571 1088 2668; x_wconf 89' lang='lat' dir='ltr'>pul-</span> 
     </span>
     <span class='ocr_line' id='line_1_20' title="bbox 89 2681 1087 2784; baseline 0.009 -33"><span class='ocrx_word' id='word_1_143' title='bbox 89 2705 243 2756; x_wconf 89' lang='lat' dir='ltr'>monum</span> <span class='ocrx_word' id='word_1_144' title='bbox 260 2685 352 2756; x_wconf 85' lang='lat' dir='ltr'>vitio</span> <span class='ocrx_word' id='word_1_145' title='bbox 364 2699 573 2784; x_wconf 86' lang='lat' dir='ltr'>repeterem</span> <span class='ocrx_word' id='word_1_146' title='bbox 590 2711 598 2753; x_wconf 75' lang='grc' dir='ltr'><strong><em>ε</em></strong></span> <span class='ocrx_word' id='word_1_147' title='bbox 615 2707 686 2754; x_wconf 87' lang='lat' dir='ltr'>nec</span> <span class='ocrx_word' id='word_1_148' title='bbox 698 2706 787 2753; x_wconf 91' lang='lat' dir='ltr'>sane</span> <span class='ocrx_word' id='word_1_149' title='bbox 802 2681 915 2755; x_wconf 85' lang='lat' dir='ltr'>iu-lris</span> <span class='ocrx_word' id='word_1_150' title='bbox 933 2710 1014 2782; x_wconf 87' lang='lat' dir='ltr'>quae</span> <span class='ocrx_word' id='word_1_151' title='bbox 1032 2711 1087 2760; x_wconf 88' lang='lat' dir='ltr'>se·</span> 
     </span>
     <span class='ocr_line' id='line_1_21' title="bbox 90 2798 1087 2898; baseline 0.006 -29"><span class='ocrx_word' id='word_1_152' title='bbox 90 2815 274 2894; x_wconf 85' lang='lat' dir='ltr'>quuntur,</span> <span class='ocrx_word' id='word_1_153' title='bbox 291 2801 477 2886; x_wconf 88' lang='lat' dir='ltr'>historiis,</span> <span class='ocrx_word' id='word_1_154' title='bbox 502 2802 542 2870; x_wconf 89' lang='lat' dir='ltr'>in</span> <span class='ocrx_word' id='word_1_155' title='bbox 560 2798 699 2898; x_wconf 89' lang='lat' dir='ltr'>quibus</span> <span class='ocrx_word' id='word_1_156' title='bbox 719 2799 888 2897; x_wconf 89' lang='lat' dir='ltr'>pleuram</span> <span class='ocrx_word' id='word_1_157' title='bbox 906 2801 1087 2876; x_wconf 88' lang='lat' dir='ltr'>rubicun-</span> 
     </span>
     <span class='ocr_line' id='line_1_22' title="bbox 91 2907 1088 3016; baseline 0.008 -32"><span class='ocrx_word' id='word_1_158' title='bbox 91 2912 190 3006; x_wconf 83' lang='lat' dir='ltr'>dam,</span> <span class='ocrx_word' id='word_1_159' title='bbox 205 2933 243 2992; x_wconf 86' lang='lat' dir='ltr'>et</span> <span class='ocrx_word' id='word_1_160' title='bbox 258 2918 435 2990; x_wconf 85' lang='lat' dir='ltr'>liventem</span> <span class='ocrx_word' id='word_1_161' title='bbox 448 2941 601 3016; x_wconf 92' lang='lat' dir='ltr'>quoque</span> <span class='ocrx_word' id='word_1_162' title='bbox 616 2915 827 3004; x_wconf 90' lang='lat' dir='ltr'>interdum,</span> <span class='ocrx_word' id='word_1_163' title='bbox 843 2941 885 2988; x_wconf 86' lang='lat' dir='ltr'>ac</span> <span class='ocrx_word' id='word_1_164' title='bbox 901 2907 1088 2992; x_wconf 80' lang='lat' dir='ltr'>semi-cor·</span> 
     </span>
     <span class='ocr_line' id='line_1_23' title="bbox 90 3033 1086 3132; baseline 0.006 -32"><span class='ocrx_word' id='word_1_165' title='bbox 90 3049 234 3131; x_wconf 89' lang='lat' dir='ltr'>ruptam</span> <span class='ocrx_word' id='word_1_166' title='bbox 258 3059 555 3132; x_wconf 76' lang='lat' dir='ltr'>nonnunquam,</span> <span class='ocrx_word' id='word_1_167' title='bbox 577 3048 614 3107; x_wconf 89' lang='lat' dir='ltr'>et</span> <span class='ocrx_word' id='word_1_168' title='bbox 628 3033 735 3105; x_wconf 90' lang='lat' dir='ltr'>valde</span> <span class='ocrx_word' id='word_1_169' title='bbox 759 3053 918 3105; x_wconf 88' lang='lat' dir='ltr'>crassam</span> <span class='ocrx_word' id='word_1_170' title='bbox 939 3037 1086 3130; x_wconf 87' lang='lat' dir='ltr'>inveni,</span> 
     </span>
     <span class='ocr_line' id='line_1_24' title="bbox 92 3151 939 3251; baseline 0.002 -33"><span class='ocrx_word' id='word_1_171' title='bbox 92 3152 264 3250; x_wconf 90' lang='lat' dir='ltr'>teipsum</span> <span class='ocrx_word' id='word_1_172' title='bbox 285 3154 392 3226; x_wconf 86' lang='lat' dir='ltr'>aliter</span> <span class='ocrx_word' id='word_1_173' title='bbox 408 3168 500 3251; x_wconf 89' lang='lat' dir='ltr'>puto</span> <span class='ocrx_word' id='word_1_174' title='bbox 521 3177 599 3224; x_wconf 86' lang='lat' dir='ltr'>esse</span> <span class='ocrx_word' id='word_1_175' title='bbox 618 3151 939 3222; x_wconf 50' lang='lat' dir='ltr'>existimaturum(</span> 
     </span>
    </p>

    <p class='ocr_par' dir='ltr' id='par_1_3' title="bbox 92 3266 1089 3833">
     <span class='ocr_line' id='line_1_25' title="bbox 135 3266 1085 3366; baseline 0.005 -28"><span class='ocrx_word' id='word_1_176' title='bbox 135 3266 189 3340; x_wconf 72' lang='lat'>32.</span> <span class='ocrx_word' id='word_1_177' title='bbox 201 3268 340 3341; x_wconf 90' lang='lat' dir='ltr'>Mulier</span> <span class='ocrx_word' id='word_1_178' title='bbox 351 3294 471 3342; x_wconf 90' lang='lat' dir='ltr'>annos</span> <span class='ocrx_word' id='word_1_179' title='bbox 487 3285 571 3342; x_wconf 86' lang='lat' dir='ltr'>nata</span> <span class='ocrx_word' id='word_1_180' title='bbox 584 3268 631 3340; x_wconf 90' lang='lat' dir='ltr'>ad</span> <span class='ocrx_word' id='word_1_181' title='bbox 645 3266 891 3366; x_wconf 84' lang='lat' dir='ltr'>quadraginta</span> <span class='ocrx_word' id='word_1_182' title='bbox 903 3269 1085 3366; x_wconf 88' lang='lat' dir='ltr'>quinque,</span> 
     </span>
     <span class='ocr_line' id='line_1_26' title="bbox 93 3383 1086 3480; baseline 0.009 -30"><span class='ocrx_word' id='word_1_183' title='bbox 93 3405 133 3450; x_wconf 86' lang='lat' dir='ltr'>ex</span> <span class='ocrx_word' id='word_1_184' title='bbox 141 3383 268 3458; x_wconf 87' lang='lat' dir='ltr'>ulcere</span> <span class='ocrx_word' id='word_1_185' title='bbox 282 3384 434 3458; x_wconf 87' lang='lat' dir='ltr'>alterius</span> <span class='ocrx_word' id='word_1_186' title='bbox 449 3386 568 3458; x_wconf 89' lang='lat' dir='ltr'>cruris</span> <span class='ocrx_word' id='word_1_187' title='bbox 578 3387 751 3480; x_wconf 88' lang='lat' dir='ltr'>antiquo,</span> <span class='ocrx_word' id='word_1_188' title='bbox 763 3387 859 3454; x_wconf 86' lang='lat' dir='ltr'>sicca</span> <span class='ocrx_word' id='word_1_189' title='bbox 871 3399 995 3455; x_wconf 90' lang='lat' dir='ltr'>autem</span> <span class='ocrx_word' id='word_1_190' title='bbox 1009 3410 1086 3458; x_wconf 86' lang='lat' dir='ltr'>sca·</span> 
     </span>
     <span class='ocr_line' id='line_1_27' title="bbox 93 3491 1089 3600; baseline 0.013 -36"><span class='ocrx_word' id='word_1_191' title='bbox 93 3491 149 3570; x_wconf 90' lang='lat' dir='ltr'>bie</span> <span class='ocrx_word' id='word_1_192' title='bbox 165 3514 247 3574; x_wconf 92' lang='lat' dir='ltr'>toto</span> <span class='ocrx_word' id='word_1_193' title='bbox 264 3527 442 3600; x_wconf 91' lang='lat' dir='ltr'>corpore,</span> <span class='ocrx_word' id='word_1_194' title='bbox 458 3503 659 3600; x_wconf 87' lang='lat' dir='ltr'>additaque</span> <span class='ocrx_word' id='word_1_195' title='bbox 678 3501 724 3574; x_wconf 90' lang='lat' dir='ltr'>ad</span> <span class='ocrx_word' id='word_1_196' title='bbox 745 3499 905 3572; x_wconf 86' lang='lat' dir='ltr'>scabiem</span> <span class='ocrx_word' id='word_1_197' title='bbox 924 3503 1023 3576; x_wconf 89' lang='lat' dir='ltr'>lenta</span> <span class='ocrx_word' id='word_1_198' title='bbox 1042 3503 1089 3577; x_wconf 82' lang='lat' dir='ltr'>fe·</span> 
     </span>
     <span class='ocr_line' id='line_1_28' title="bbox 92 3602 1085 3707; baseline 0.002 -19"><span class='ocrx_word' id='word_1_199' title='bbox 92 3606 240 3704; x_wconf 79' lang='lat' dir='ltr'>bricole,</span> <span class='ocrx_word' id='word_1_200' title='bbox 256 3618 350 3690; x_wconf 88' lang='lat' dir='ltr'>male</span> <span class='ocrx_word' id='word_1_201' title='bbox 364 3602 535 3696; x_wconf 84' lang='lat' dir='ltr'>habebat.</span> <span class='ocrx_word' id='word_1_202' title='bbox 552 3618 681 3691; x_wconf 88' lang='lat' dir='ltr'>Scahie</span> <span class='ocrx_word' id='word_1_203' title='bbox 694 3634 947 3707; x_wconf 85' lang='lat' dir='ltr'>evanescente,</span> <span class='ocrx_word' id='word_1_204' title='bbox 961 3619 1085 3691; x_wconf 89' lang='lat' dir='ltr'>ulcere</span> 
     </span>
     <span class='ocr_line' id='line_1_29' title="bbox 95 3727 1086 3833; baseline 0.007 -35"><span class='ocrx_word' id='word_1_205' title='bbox 95 3745 210 3806; x_wconf 88' lang='lat' dir='ltr'>autem</span> <span class='ocrx_word' id='word_1_206' title='bbox 225 3738 347 3810; x_wconf 90' lang='lat' dir='ltr'>acrius</span> <span class='ocrx_word' id='word_1_207' title='bbox 357 3737 537 3828; x_wconf 81' lang='lat' dir='ltr'>vexante,</span> <span class='ocrx_word' id='word_1_208' title='bbox 555 3737 754 3810; x_wconf 90' lang='lat' dir='ltr'>consilium</span> <span class='ocrx_word' id='word_1_209' title='bbox 773 3739 891 3833; x_wconf 88' lang='lat' dir='ltr'>capit,</span> <span class='ocrx_word' id='word_1_210' title='bbox 904 3751 946 3807; x_wconf 92' lang='lat' dir='ltr'>ut</span> <span class='ocrx_word' id='word_1_211' title='bbox 961 3727 1001 3806; x_wconf 80' lang='lat' dir='ltr'>io</span> <span class='ocrx_word' id='word_1_212' title='bbox 1014 3742 1086 3805; x_wconf 87' lang='lat' dir='ltr'>Bo·</span> 
     </span>
    </p>
   </div>
   <div class='ocr_carea' id='block_1_3' title="bbox 99 3901 1089 3931">
    <p class='ocr_par' dir='ltr' id='par_1_4' title="bbox 99 3901 1089 3931">
     <span class='ocr_line' id='line_1_30' title="bbox 99 3901 1089 3931; baseline 0 -9"><span class='ocrx_word' id='word_1_213' title='bbox 99 3901 1089 3931; x_wconf 51' lang='lat' dir='ltr'>W</span> 
     </span>
    </p>
   </div>
   <div class='ocr_carea' id='block_1_4' title="bbox 133 4010 688 4164">
    <p class='ocr_par' dir='ltr' id='par_1_5' title="bbox 133 4010 688 4164">
     <span class='ocr_line' id='line_1_31' title="bbox 133 4010 688 4164; baseline -0.022 -77"><span class='ocrx_word' id='word_1_214' title='bbox 133 4010 418 4164; x_wconf 71' lang='lat' dir='ltr'>(1l380pu10hret.s.</span> <span class='ocrx_word' id='word_1_215' title='bbox 434 4027 452 4090; x_wconf 76' lang='lat' dir='ltr'>t</span> <span class='ocrx_word' id='word_1_216' title='bbox 470 4018 537 4091; x_wconf 76' lang='lat' dir='ltr'>cit,</span> <span class='ocrx_word' id='word_1_217' title='bbox 557 4019 620 4080; x_wconf 84' lang='lat' dir='ltr'>obs·</span> <span class='ocrx_word' id='word_1_218' title='bbox 635 4019 688 4077; x_wconf 90' lang='lat' dir='ltr'>ult.</span> 
     </span>
    </p>
   </div>
   <div class='ocr_carea' id='block_1_5' title="bbox 915 4090 935 4163">
    <p class='ocr_par' dir='ltr' id='par_1_6' title="bbox 915 4090 935 4163">
     <span class='ocr_line' id='line_1_32' title="bbox 915 4090 935 4163; baseline 0 0"><span class='ocrx_word' id='word_1_219' title='bbox 915 4090 935 4163; x_wconf 82' lang='lat'><strong><em>5</em></strong></span> 
     </span>
    </p>
   </div>
   <div class='ocr_carea' id='block_1_6' title="bbox 0 0 1430 4668">
    <p class='ocr_par' dir='ltr' id='par_1_7' title="bbox 0 0 1430 4668">
     <span class='ocr_line' id='line_1_33' title="bbox 0 0 1430 4668; baseline 0 0"><span class='ocrx_word' id='word_1_220' title='bbox 0 0 1430 4668; x_wconf 95' lang='lat' dir='ltr'> </span> 
     </span>
    </p>
   </div>
  </div>
 </body>
</html>
