2850 4668
237 435 240 440 .
300 371 346 461 48
462 392 508 440 nr
534 388 679 438 snnmus
703 365 748 436 rssr
772 387 895 452 causis
920 366 1129 440 uonrbmm
1405 329 1407 404 ⁴

291 523 382 592 tres,
400 529 524 601 neque
549 501 733 599 ignobiles
757 500 893 573 medici
911 502 1005 576 alius
1027 503 1107 580 aliis
1132 501 1298 577 adhibiti

291 625 434 710 essent,
455 644 503 690 ne
520 643 596 690 uua
615 617 784 716 quidem,
800 633 842 690 ut
862 617 1044 709 dixi‘muS,
1064 622 1204 694 servari
1222 645 1293 719 po·
1313 637 1316 646 '

290 741 438 823 tuisset;
464 735 501 805 id
526 759 615 806 vero
640 757 717 804 non
742 748 818 806 tam
844 734 967 806 morbi
994 735 1050 824 vi,
1072 761 1187 835 quam
1209 763 1294 810 non
1402 755 1407 769 ·

291 855 389 928 bene
402 853 558 949 cognita
570 851 649 945 ejus
665 865 823 936 naturae,
841 875 862 922 a
880 851 1023 940 multis,
1036 867 1073 924 ct
1086 875 1106 924 a
1119 854 1294 926 moniali·

292 972 365 1043 bus
383 972 423 1038 in
443 968 586 1066 primis,
611 965 903 1038 adscribebatur.
925 971 1047 1059 Quam
1067 994 1137 1068 ego
1158 971 1292 1068 opina-

293 1088 435 1158 tionem
456 1109 530 1181 qua
556 1097 634 1154 arte
658 1083 933 1172 convulserim‚
952 1109 997 1157 ex
1016 1084 1183 1181 subjecta
1204 1087 1294 1190 cog·

290 1214 427 1274 'nosces
446 1200 610 1272 historia·
638 1203 733 1272 Cum
759 1202 858 1270 enim
884 1200 1027 1272 decima
1043 1202 1120 1298 jam
1141 1218 1294 1276 mortua

295 1333 406 1410 esset,
430 1316 640 1415 medicique
664 1317 733 1404 illi,
751 1332 788 1388 et
814 1341 883 1414 ego
907 1318 952 1390 ad
977 1319 1058 1414 ejus
1085 1321 1293 1392 sectionem

296 1435 619 1522 convenissemus,
635 1435 855 1531 priusquam
869 1433 947 1505 haec
959 1425 1218 1526 inchoaretur,
1232 1462 1296 1536 pe·

295 1553 338 1626 tii
353 1567 395 1623 ut
415 1576 496 1649 quae
515 1552 551 1620 in
579 1551 659 1646 ejus
678 1548 813 1620 morbo
833 1549 1008 1623 adnotata
1030 1568 1169 1640 essent,
1193 1569 1291 1626 acta·
1406 1553 1407 1566 ¹

297 1695 387 1768 que,
399 1681 604 1739 narrarent.
619 1667 732 1757 Quod
745 1667 886 1754 senior,
901 1669 968 1765 qui
987 1693 1068 1740 eam
1081 1659 1293 1762 curaverat,

297 1785 496 1884 diligenter
508 1781 594 1856 fecit
606 1783 750 1855 adeum
763 1783 916 1854 modum
931 1810 1009 1882 quo
1021 1811 1108 1857 mox
1118 1785 1295 1880 referam3

298 1899 609 1976 confirmantibus
641 1900 796 1998 reliquis
825 1899 991 1990 duobus,
1016 1925 1055 1974 se
1078 1929 1232 2002 quoque
1254 1907 1295 1978 in

299 2020 438 2092 caeteris
449 2041 527 2089 non
541 2015 732 2088 dissimilia
743 2015 894 2105 vidisse,
910 2032 946 2090 et
960 2021 1178 2116 egisse,‚nisi
1190 2021 1296 2118 quod

300 2159 398 2210 tanus
418 2135 483 2230 qui
503 2131 626 2203 oleum
651 2129 805 2203 dederat
827 2158 873 2204 ex
897 2133 1072 2206 dulcibus
1092 2137 1297 2234 amygdalis

298 2274 430 2324 recens
449 2243 682 2347 expressum,
700 2249 863 2346 ingenue
881 2249 1040 2340 addidit,
1055 2251 1142 2326 inde
1158 2279 1296 2352 aegram

300 2369 408 2466 pejus
426 2365 609 2437 habuisse.
627 2369 766 2452 Verum
791 2366 839 2438 ad
857 2391 939 2440 eam
965 2393 1047 2467 quae
1069 2384 1158 2442 tuuc
1180 2371 1296 2444 disse·
1377 2347 1382 2358 ’

301 2483 420 2556 canda
439 2498 532 2570 erat,
550 2483 752 2554 veniamus.

351 2626 407 2697 27.
432 2601 565 2697 Virg0,
589 2623 708 2670 annos
729 2615 813 2672 nata
839 2597 886 2670 ad
917 2600 1162 2702 quadraginta
1181 2603 1297 2695 duos,
1336 2668 1340 2676 .

301 2719 504 2816 quotannis
531 2716 665 2814 hyeme
691 2741 770 2787 non
797 2717 978 2789 mediocri
1000 2724 1091 2792 tussi
1113 2721 1298 2813 obnoxia,

231 2891 233 2896 -
302 2837 447 2934 optimo
472 2831 620 2921 habitu,
644 2835 825 2932 sanguine
845 2833 1061 2928 abundans,
1089 2841 1298 2938 inmagnis

302 2953 531 3049 assiduisque
544 2949 752 3040 laboribus,
766 2967 809 3022 ut
824 2977 891 3024 suo
904 2954 1100 3031 inserviret
1109 2960 1298 3047 coenobio,

261 3070 263 3076 ’
301 3085 461 3158 versata,
480 3083 597 3138 noctu
625 3065 721 3139 febu'
747 3085 918 3168 correpta
946 3086 1017 3158 est,
1036 3095 1109 3170 qua
1130 3075 1298 3171 primum

302 3203 383 3259 toto
402 3211 560 3283 corpore
575 3183 787 3284 perfriguit,
802 3211 889 3256 mox
903 3179 1069 3260 incaluit.
1088 3189 1141 3262 Ad
1163 3189 1299 3262 febrim

302 3303 507 3398 interjectis
532 3301 636 3373 horis
658 3303 788 3399 viginti
812 3319 992 3400 quatuor,
1011 3305 1121 3376 dolor
1136 3311 1300 3405 pectoris

304 3419 457 3493 accessit
474 3417 587 3489 altera
599 3442 643 3488 ex
656 3435 760 3516 parte
779 3445 864 3491 cum
879 3421 1040 3518 spirandi
1063 3420 1302 3515 difficultate,

303 3538 397 3610 tussi
416 3558 570 3634 prorsus
585 3535 704 3627 irrita,
726 3535 898 3634 pulsibus
912 3537 1107 3636 subducas,
1131 3557 1167 3612 et
1184 3539 1301 3614 ferme
1404 3543 1405 3552 ’

304 3653 351 3726 ad
366 3668 525 3724 mortem
541 3677 659 3750 usque
678 3651 880 3750 digitorum
898 3657 1051 3752 pressio.
1071 3660 1078 3722 l
1099 3659 1303 3730 resistenti-

303 3771 384 3846 bus.
398 3769 664 3869 Progredientc
681 3769 831 3857 morbo,
853 3769 963 3842 dolor
979 3772 1026 3844 ab
1046 3777 1108 3844 iila
1125 3774 1170 3846 ad
1186 3801 1304 3873 oppo-

305 3891 412 3962 sitam
426 3887 774 3990 pectoris'transivit
783 3887 938 3986 partem.
959 3893 1048 3966 Erat
1064 3916 1195 3968 seusus
1208 3918 1305 3993 pon3
1344 3872 1348 3878 ¹
