2824 4668
141 479 209 528 mr.
238 481 279 529 11.
307 481 354 529 or
380 479 518 529 nortus
542 480 875 546 ruortc1S,·r1›1sr.
903 487 1000 534 xxrv.
1029 461 1099 536 365

96 591 199 664 illam
215 595 362 691 potius,
384 609 423 666 et
443 593 548 666 hunc
565 594 756 684 minuant,
779 598 1102 693 quemadmodum

94 708 209 806 paulo
231 725 317 782 ante
333 709 540 782 iudicatum
553 725 609 784 est
622 711 637 781 l
652 711 764 801 Quod
776 713 806 784 si
816 717 1005 812 agnoscis,
1021 719 1102 792 veri
1156 731 1160 739 '

93 827 209 924 igitur
221 827 377 900 similius
386 826 587 916 videbitur,
595 853 676 926 quae
689 852 798 903 causa
812 831 852 900 iu
865 847 1027 931 utroque
1037 859 1102 907 au·

92 959 153 1015 tea
171 941 310 1016 fecerat
331 957 610 1041 aueurysmata,
628 945 817 1036 eamdem,
832 949 892 1020 vel
906 949 966 1022 his
981 949 1101 1039 factis,

93 1061 317 1158 perstitisse,
337 1062 415 1133 imo
439 1060 534 1134 adeo
555 1061 716 1133 validam
735 1087 841 1136 secus
865 1087 908 1134 ac
926 1063 1101 1164 frequen-

94 1180 169 1251 tius
192 1175 344 1270 accidit,
367 1176 496 1267 fuisse,
516 1194 557 1250 ut
584 1194 727 1251 tautam
752 1180 855 1252 illam
878 1185 1101 1256 arteriarum

95 1297 266 1367 omnium
286 1295 536 1394 pulsationem
552 1297 721 1369 servarit.

127 1412 202 1486 -36.
229 1413 314 1484 Dixi
342 1428 469 1486 autem
498 1429 785 1506 aneurysmata,
810 1417 923 1487 Paraei
946 1443 1102 1518 quoque

100 1531 402 1606 observationem
432 1529 707 1628 complectens,
735 1533 900 1629 primum
925 1538 1013 1631 quia
1039 1536 1102 1608 hic

97 1648 228 1722 eadem
252 1670 347 1720 voce
373 1671 463 1719 usus
483 1660 558 1734 est,
578 1665 841 1740 aneurysmate
865 1657 1027 1722 arterioe.
1042 1678 1104 1723 ve·

96 1789 217 1852 nosae,
238 1779 318 1836 tum
338 1764 448 1834 etiam
463 1763 551 1860 quia
568 1762 726 1836 dubium
741 1761 838 1834 mihi
851 1780 927 1853 est,
942 1791 990 1839 ne
1007 1766 1104 1840 forte

95 1908 165 1982 per
190 1881 375 1954 incuriam
395 1869 445 1951 ita
465 1881 675 1977 scripserit,
699 1905 786 1952 cum
808 1881 921 1954 vellet
940 1882 1104 1958 scribere

97 2024 207 2072 venoe
218 2003 428 2083 arteriosoe,
444 1996 484 2067 id
499 2012 555 2070 cst
569 1999 710 2068 arteriae
727 1998 971 2095 pulmonaris.
985 1999 1107 2072 Dubi-

97 2117 204 2190 tandi
220 2130 345 2188 autem
365 2137 474 2188 causa
493 2129 549 2186 est
561 2114 766 2213 multiplex.
782 2118 877 2187 Nam
889 2119 1054 2214 primum
1063 2119 1105 2190 in

97 2233 284 2321 historiis,
299 2253 404 2328 ¹ques
423 2231 556 2329 legisse
583 2234 759 2322 memini,
782 2235 938 2305 omuino
960 2234 1105 2310 duabus

98 2350 267 2422 maximae
284 2347 511 2420 dilatationis
529 2350 672 2421 arteriae
695 2373 863 2438 venosae,
883 2350 923 2422 id
945 2367 1001 2426 est
1017 2353 1104 2451 pul·

99 2468 265 2538 moneris
275 2489 377 2537 venae
387 2519 398 2555 ,
410 2479 557 2536 tantum
571 2465 675 2538 abest
684 2481 727 2537 ut
736 2467 871 2564 ingens
882 2467 947 2540 illa
961 2493 1105 2544 memo·

97 2597 205 2656 retur
228 2581 449 2670 universalis
473 2582 658 2680 pulsatio;
689 2599 753 2656 aut
777 2585 907 2682 pulsus
927 2610 1006 2657 non
1023 2611 1105 2660 me·

96 2715 312 2788 morantur,
327 2713 392 2784 aut
400 2699 548 2772 minimi
558 2698 777 2798 debilesque
786 2697 899 2776 luisse
912 2702 1103 2776 dicuntur.

96 2818 252 2890 Illarum
272 2817 387 2888 altera
405 2832 459 2889 est
475 2816 626 2890 Hildani
643 2834 739 2890 cent.
763 2846 795 2907 α,
805 2819 927 2892 obser.
944 2821 1007 2915 89;
1024 2845 1105 2893 nou

98 2950 143 3007 ut
158 2958 356 3033 perperam
375 2932 423 3004 ab
442 2935 603 3006 Lancisii
628 2933 683 3031 (1)
700 2936 945 3033 typographis
963 2935 1105 3008 iudica-

99 3069 184 3142 tur,
199 3078 268 3150 993
281 3052 399 3124 altera
415 3067 543 3130 autem
559 3051 769 3124 Vieusseuii
785 3053 825 3122 in
835 3067 941 3123 tract.
962 3050 1011 3123 de
1022 3077 1106 3124 cor·

99 3170 167 3258 de,
181 3170 313 3269 gallice
332 3171 490 3268 script0,
510 3193 589 3266 cap.
613 3168 667 3239 16.
686 3169 916 3258 Quinetiam
937 3169 990 3241 sic
1011 3169 1107 3241 mihi

99 3283 402 3376 accidit‚utcum
413 3287 493 3384 ejus
510 3311 612 3358 venae
625 3301 821 3374 truncum,
833 3311 971 3385 nempe
980 3288 1106 3359 sinum

102 3407 142 3478 in
162 3429 278 3514 qupm
294 3405 390 3476 rami
416 3428 548 3478 omues
565 3404 682 3502 ipsius
698 3401 878 3494 influunt,
898 3430 1006 3502 aequo
1028 3430 1107 3478 am-

100 3523 263 3622 pliorem
283 3517 441 3610 offendi,
456 3522 586 3619 pulsus
593 3523 823 3620 praecessisse
841 3524 1027 3613 audirem,
1043 3539 1108 3597 aut

102 3638 321 3739 languidos,
338 3653 403 3712 aut
417 3639 559 3730 nullos,
579 3639 901 3736 quemadmodum
913 3641 1109 3739 epistolam

144 4011 188 4092 (1)
201 4014 253 4078 ¹De
269 4029 372 4070 aueur.
385 4030 507 4090 propos.
522 4011 570 4070 53.
585 3973 589 3978 Ι
