2816 4668
329 441 397 514 382
495 463 541 512 nr.
566 461 713 512 scurrus
737 462 782 510 rr
808 461 932 512 causis
956 463 1168 516 moruorum

328 579 503 654 erosione
523 599 671 648 corneae
688 576 823 648 tunicae
843 574 1060 676 albuginem
1081 597 1305 676 contraxerat,

327 723 410 796 quoe
425 694 702 781 secundatur,
720 696 863 793 pariter
877 693 1079 787 diuturno,
1091 700 1305 774 incommode

327 831 435 892 aucta
453 813 594 902 iuerat,
628 830 670 886 ut
692 812 872 886 nonnihil
891 817 1150 912 promineret,
1171 823 1305 919 pupilia·

328 961 402 1033 que
420 960 440 1006 e
456 935 611 1032 regione
631 931 885 1030 respondens,
902 931 1052 1030 objecta
1074 936 1258 1036 duplicare
1269 941 1304 1009 ri·

328 1054 493 1126 deretur.
525 1049 812 1150 Haemorrhagiae
840 1065 990 1140 autem,
1022 1055 1141 1129 irritis
1171 1058 1306 1156 complu·

328 1175 427 1244 rium
450 1170 687 1242 medicorum
711 1168 881 1259 auxiliis,
899 1170 1046 1243 tamdiu
1068 1192 1303 1272 perrexerunt,
1368 1211 1369 1224 κ

328 1291 452 1364 donec
481 1289 651 1362 Valsalva
676 1285 783 1360 facile
807 1288 966 1362 remedii
992 1315 1114 1390 genus
1140 1294 1304 1382 indicavit,
1368 1299 1369 1382 Τ

326 1409 431 1480 velut
447 1407 536 1479 alias
555 1405 610 1504 (r)
629 1405 676 1478 de
694 1405 769 1478 boc
783 1408 867 1505 ipso
883 1411 1178 1507 generosissimo
1193 1416 1263 1484 vim
1275 1412 1306 1482 ad

327 1543 364 1600 te
384 1526 607 1612 scribentes,
631 1527 719 1598 satis
736 1527 991 1624 exposuimus.-
1009 1528 1082 1600 Sed
1107 1555 1195 1606 cum
1211 1546 1307 1630 postea

328 1661 442 1744 caput
459 1644 618 1717 assiduis
637 1645 739 1716 curis
753 1659 789 1715 et
803 1646 1030 1742 gravissimis
1045 1647 1306 1748 cogitationibus

326 1766 445 1862 nangis
463 1763 655 1861 magisque
674 1761 928 1851 infirmasset,
957 1764 1070 1838 rediit
1102 1768 1234 1840 creber
1248 1791 1307 1838 san·

328 1885 450 1982 guinis
465 1881 602 1969 ssrrxus,
620 1880 686 1952 sed
705 1905 725 1952 e
744 1882 895 1956 narium
911 1884 1093 1974 vasculis,
1112 1902 1156 1958 ut
1179 1888 1305 1985 opinor,

327 2000 607 2101 superioribus,
634 1999 823 2097 rediitque
842 2000 1035 2074 interdum
1058 2004 1254 2076 oculorum
1267 2005 1305 2072 in·

325 2119 530 2192 flammatio
550 2142 630 2192 non
658 2116 767 2199 levio,
790 2131 871 2188 tum
896 2116 1101 2216 frequens,
1124 2135 1163 2194 et
1178 2122 1306 2220 repenti·

326 2263 398 2310 nus
415 2235 522 2310 faciei
537 2234 678 2322 rubor,
692 2259 899 2333 sensusque
912 2237 1048 2310 caloris
1064 2239 1107 2310 in
1121 2239 1251 2338 capite,
1264 2236 1306 2308 de·

325 2355 481 2428 bilitatis
510 2370 635 2428 autem
664 2353 859 2450 cujusdam
884 2355 934 2426 ad
958 2353 1136 2430 infimum
1168 2359 1306 2454 occiput,

326 2473 404 2545 baec
424 2488 550 2544 autem
571 2473 699 2544 omnia
721 2487 814 2545 tunc
831 2474 967 2571 magis,
984 2499 1071 2546 cum
1096 2477 1173 2548 alvi
1194 2491 1250 2548 aut
1263 2497 1306 2543 re-

326 2594 408 2665 sicae
428 2593 661 2666 excretiones
682 2591 963 2664 minuebantur.
983 2593 1155 2666 Tandem
1180 2596 1306 2694 septimo

326 2712 475 2783 circiter
493 2726 580 2781 ante
602 2709 749 2782 obitum
774 2736 922 2800 mense,
940 2713 1249 2811 quotiescumque
1263 2719 1307 2782 aut

326 2830 512 2902 scalarum
541 2827 718 2927 gradibus
739 2829 980 2921 ascenderet,
1000 2845 1064 2902 cut
1093 2857 1166 2930 per
1188 2849 1305 2927 aequun

325 2965 362 3024 et
376 2951 533 3050 planum
562 2949 687 3019 locum
706 2948 819 3046 paulo
844 2948 1001 3021 celerius
1022 2950 1249 3034 ambularet,
1262 2958 1306 3016 aut

324 3069 480 3142 brachia
500 3071 550 3138 ita
577 3068 782 3165 praesertim
808 3067 914 3138 utin
939 3068 1107 3141 vestibus
1135 3063 1306 3142 induendis

325 3188 502 3278 facimus,
520 3201 710 3274 moveret,
726 3202 818 3256 tunc
843 3187 1010 3284 primum
1035 3191 1151 3286 coepit
1168 3180 1305 3260 animad·

324 3323 486 3394 vertere,
521 3305 721 3377 molestum
759 3307 963 3402 quemdam
995 3304 1147 3405 frigoris
1185 3321 1304 3378 sensum

325 3424 396 3498 sibi
420 3426 469 3495 ad·
496 3421 715 3496 inferiorem
746 3427 862 3494 sterni
895 3427 1039 3521 partem
1069 3425 1227 3500 excitari.
1252 3414 1303 3506 Qui

324 3569 455 3619 sensus
468 3544 648 3642 paulatim
664 3541 759 3612 adeo
779 3556 946 3614 mutatus
972 3557 1027 3615 est
1047 3536 1225 3643 temporis
1238 3557 1303 3636 pro·

315 3689 475 3772 gressu,
492 3679 535 3734 ut
549 3675 636 3761 post
648 3685 768 3732 unum
785 3677 851 3732 aut
866 3662 1025 3738 alterum
1039 3685 1206 3738 mensem
1214 3655 1304 3751 frigus

317 3865 1303 3906 ----—-————·———--------·‘·‘

362 4045 405 4121 (r)
427 4045 522 4119 Epist.
545 4049 597 4114 14,
612 4061 642 4098 n.
660 4051 708 4108 24.
