2824 4668
298 412 369 484 322
465 431 512 480 nn
539 426 684 478 sltmnus
709 427 753 474 ur
778 425 902 474 cnusrs
929 424 1138 477 moruorum

298 571 370 648 pro
404 545 618 644 graviorum
649 531 890 626 morborum,
919 554 1033 637 atque
1064 539 1159 615 adeo
1189 543 1309 640 ipsius

300 663 434 738 mortis
472 685 581 737 causa
614 657 786 746 habitus,
816 681 932 729 nemo
963 673 1089 749 tamen
1126 674 1214 730 ante
1245 686 1310 734 an·

298 807 392 857 num
405 777 512 868 1654,
529 775 756 876 peculiarem
774 774 821 848 de
841 799 886 846 eo
907 777 1167 848 tractationem
1182 779 1310 875 vulga-

298 901 367 986 vit,
391 923 469 996 quo
494 893 644 968 tandem
671 916 773 968 anno
798 915 902 962 suam
927 890 976 962 de
1001 892 1151 991 Polypo
1184 895 1312 966 cordis

299 1016 496 1117 epistolam
516 1012 638 1087 emisit
661 1009 899 1082 Sebastianus
929 1010 1108 1082 Pissinius
1128 1015 1310 1084 Lucensis

301 1133 493 1220 medicus,
513 1153 589 1227 qua
604 1127 790 1226 propriis,
815 1139 852 1198 et
872 1126 1126 1224 quorumdam
1152 1143 1239 1200 tum
1255 1153 1311 1199 ve-

300 1265 442 1338 terum,
462 1261 544 1322 tum
559 1245 813 1318 recentiorum
826 1241 1156 1318 observationibus
1170 1270 1311 1345 propo

302 1369 380 1446 sitis
399 1381 464 1438 aut
482 1364 669 1449 indicatis,
688 1361 819 1460 polypi
838 1359 991 1458 quidem
1013 1385 1147 1434 nomen
1162 1389 1310 1450 novum,

301 1485 368 1566 sed
390 1509 468 1556 rem
493 1506 630 1554 novam
650 1503 727 1550 non
747 1504 823 1550 esse
848 1477 989 1567 fassus,
1015 1479 1120 1577 signa
1148 1482 1236 1576 ejus
1264 1480 1312 1553 af·

297 1600 418 1690 ferre,
439 1614 476 1672 et
494 1595 680 1672 nonnulla
703 1595 749 1668 de
772 1621 817 1670 eo
838 1594 1063 1686 theoretica,
1084 1611 1121 1670 et
1140 1602 1309 1695 practica

300 1719 539 1820 problemata
550 1716 694 1790 solvere
707 1725 864 1788 conatus
877 1728 942 1788 est.
960 1719 1070 1786 Hunc
1087 1731 1167 1788 erat
1187 1741 1312 1814 excep-

298 1853 406 1910 turus
426 1832 607 1908 Michaele
639 1833 866 1920 Kirstenius,
892 1832 923 1903 is
946 1831 1053 1927 cujus
1073 1831 1310 1905 ‘observatio

299 1978 388 2029 nem
415 1967 452 2026 et
468 1950 607 2050 figuras
620 1949 751 2050 polypi
772 1948 896 2022 cordis
915 1948 1032 2021 edidit
1045 1949 1213 2022 Thomas
1232 1956 1310 2024 nse

299 2073 470 2148 tholinus
482 2069 546 2168 (1).
554 2070 745 2166 Namque,
761 2081 804 2141 ut
815 2092 915 2142 anuo
934 2065 1020 2164 1657
1033 2067 1080 2138 ad
1095 2067 1205 2140 hunc
1224 2073 1308 2144 scri·

300 2188 416 2266 bebat
428 2192 586 2285 segerus
596 2184 667 2282 (n),
683 2183 737 2256 illi
751 2182 833 2256 erat
844 2185 883 2258 in
897 2185 1023 2260 animo
1035 2184 1235 2258 adornare
1244 2187 1310 2258 dis-

301 2310 541 2384 sertationem
552 2302 806 2394 deasflaatibus
824 2301 968 2388 cordis,
991 2326 1066 2399 qua
1083 2319 1215 2376 mente
1219 2305 1273 2403 pl
1292 2345 1309 2358 -

303 2447 361 2494 res
372 2421 486 2517 hujus
496 2419 664 2518 polypos
679 2421 960 2506 observaverat,
978 2435 1014 2492 et
1029 2419 1241 2502 delineatae
1252 2427 1310 2494 Se-

302 2563 394 2638 gero
415 2537 833 2634 ostenderanaqutbus
856 2537 1051 2610 catarrhos
1067 2541 1311 2630 suffircatiros

303 2655 387 2735 t'deo
406 2659 502 2726 oriri
511 2658 693 2752 imprimis
711 2653 906 2742 credebat,
922 2659 1012 2752 qaia
1025 2679 1153 2726 carnes
1172 2655 1251 2743 illi,
1270 2663 1305 2726 ia

304 2775 438 2873 quibas
441 2770 611 2870 polypos
624 2769 700 2866 hos,
710 2771 969 2844 observaverat
974 2825 984 2858 ,
1005 2773 1184 2844 catarrho
1199 2758 1309 2844 liobae

302 2895 448 2962 intincti
448 2890 627 2980 fuerant,-
648 2911 801 2962 cursum
819 2885 991 2960 videlicet
1005 2891 1201 2988 sanguinis
1214 2894 1306 2986 ejus-

183 3065 187 3074 .
300 3007 406 3092 modi
423 3010 699 3078 concrescentem
718 3004 962 3080 inhibentibus
980 3030 1025 3076 aa
1035 3005 1159 3104 plane
1177 3013 1304 3080 saan-

301 3127 407 3218 tibus.
441 3127 530 3218 Quae
555 3121 770 3208 dissertatio
789 3147 887 3194 num
913 3121 1117 3220 prodierit,
1147 3125 1303 3222 ignoro:

303 3255 403 3314 certe
417 3239 485 3336 qui
500 3263 581 3312 eam
598 3237 750 3326 viderit,
764 3237 894 3334 legisse
910 3263 989 3310 non
1007 3242 1173 3318 memini.
1195 3246 1304 3314 Suam

301 3355 455 3433 interim
472 3355 520 3426 de
537 3353 684 3452 Polypo
697 3353 819 3427 cordis
831 3355 1068 3452 inscriptam,
1085 3383 1186 3428 anno
1200 3359 1304 3446 1666,

301 3474 425 3550 emisit
440 3470 667 3568 Malpighius
680 3525 692 3560 ,
707 3472 805 3545 illius
827 3473 1040 3561 materiam,
1059 3489 1303 3548 structuram·

302 3615 377 3688 que
392 3591 559 3666 rimatus.
588 3591 677 3678 Quae
702 3589 930 3677 dissertatio,
949 3615 1029 3667 non
1043 3576 1151 3664 secu's
1167 3618 1213 3664 ac
1228 3595 1302 3690 ple·

339 3880 383 3956 (ι)
404 3883 489 3938 Cent.
507 3881 538 3949 3,
556 3879 626 3936 hist.
640 3891 720 3934 anat.
737 3899 781 3952 ¹7·

338 3979 382 4055 (a)
403 3977 458 4036 Th.
472 3977 633 4036 Barth'olin.
646 3991 722 4035 cent.
739 3998 770 4051 a,
784 3979 878 4056 Epist.
890 3983 1005 4042 medie.
1014 3980 1063 4040 86.
