2954 4670
183 507 251 565 ιιι.
271 507 320 590 ιι.
348 507 395 554 nn
420 501 916 571 uonmsrnonac1s,nr1sr.
943 509 1040 556 xxv1.
1069 487 1141 585 493

132 621 173 693 in
190 621 357 694 sectione
374 618 445 691 hac
464 618 673 718 Sepulcreti
694 623 746 688 XI
757 617 827 716 (1)
847 646 972 720 neque
987 624 1025 692 in
1043 628 1059 693 I
1075 625 1142 723 (2)

132 739 221 810 libri
239 743 257 807 Ι
276 739 380 809 omni
406 761 451 808 ex
476 750 582 834 parte
607 735 795 833 descripta
819 738 916 834 est,)
945 741 1141 833 invenieS,

133 857 375 953 cuminaegra
386 853 548 951 quadam
560 854 723 950 suspicio
735 849 1141 950 fuisset,intercaetera,
1173 889 1175 892 ·

133 973 245 1044 etiam
264 969 572 1042 inflammationis
585 969 822 1058 mediastini,
842 996 1005 1070 cumque
1028 999 1070 1046 ea
1089 977 1144 1046 vi-

133 1088 286 1161 deretur
305 1089 558 1177 convaluisse,
589 1087 749 1184 subitam
776 1089 1143 1165 intervenisseimor-

131 1221 226 1295 tem,
239 1222 508 1305 repertumque
529 1229 608 1278 esse
622 1206 889 1279 mediastinum
902 1207 1147 1306 plenumseri

131 1329 338 1422 sanguinei.
365 1329 570 1412 Caeterum,
587 1323 692 1421 quod
708 1327 915 1423 generatim
940 1341 1082 1424 spectat
1096 1327 1146 1399 ad

132 1443 323 1540 sanguinis
342 1467 362 1514 e
381 1443 456 1515 suis
470 1442 566 1514 vasis
586 1437 813 1531 effusiones,
835 1445 970 1513 nonin
988 1468 1144 1544 magnas

131 1561 303 1659 corporis
326 1584 478 1646 caveas,
505 1556 572 1628 sed
597 1558 637 1626 in
666 1556 883 1630 cellulosam
916 1573 1144 1632 structuram

131 1677 202 1752 sub
215 1677 446 1750 membranis
463 1673 678 1757 coercitam,
696 1673 809 1772 digna
826 1689 881 1748 est
893 1701 976 1772 quae
990 1677 1040 1748 ob
1054 1682 1146 1749 anti-

131 1796 315 1894 quitatem
333 1792 517 1866 referatur
532 1791 693 1863 Gilberti
712 1794 908 1865 sententia.
927 1791 996 1864 Hic
1019 1795 1145 1884 enim,

130 1926 279 1986 utente
298 1925 489 1983 trecentos
510 1911 786 2009 quinquaginta
807 1935 929 1983 annos
955 1910 1146 1984 scribebat

130 2029 308 2103 Nicolaus
323 2029 535 2101 Florentius
547 2027 601 2126 (3)
615 2083 625 2118 ,
638 2027 789 2114 docuit,
812 2053 889 2098 non
904 2035 1146 2127 sempersan-

129 2154 281 2245 guinem
304 2152 373 2246 qui
398 2152 479 2218 enit
487 2162 653 2248 propter
675 2162 873 2245 rupturam
895 2171 1005 2218 venae
1029 2145 1146 2241 chylis

133 2263 198 2362 (id
224 2281 278 2336 est
296 2264 414 2362 cavae)
446 2271 484 2334 in
515 2269 782 2337 concavitatem
814 2269 956 2336 ventris
982 2263 1144 2356 effundi,

133 2381 203 2454 sed
230 2385 331 2474 infra
340 2381 613 2482 pinguedinem
634 2407 749 2480 qnam
773 2382 875 2476 chyli
894 2395 932 2453 et
952 2405 1056 2453 renes
1076 2388 1149 2452 cir-

132 2505 367 2572 cumveniunt
382 2555 391 2589 ,
409 2505 562 2572 retineri
578 2525 588 2569 .·
604 2499 734 2598 quod,
751 2524 772 2570 a
792 2498 963 2571 Gilberto
990 2497 1146 2572 fortasse

133 2617 246 2690 etiam
274 2617 421 2708 visum,
447 2619 478 2690 si
510 2619 643 2718 exigua
667 2618 714 2689 sit
740 2617 843 2690 v'enae
869 2643 965 2690 cavae
989 2619 1146 2716 ruptio,

133 2759 213 2804 non
231 2736 282 2806 ita
298 2735 547 2833 rejiciendum
568 2749 648 2824 est,
666 2750 708 2808 ut
729 2736 825 2807 illud
835 2749 890 2807 est
908 2738 1012 2832 quod
1031 2761 1052 2806 a
1070 2735 1147 2808 Gil-

134 2847 244 2920 berto
258 2850 454 2950 subjicitur
480 2853 527 2924 de
551 2854 667 2951 ipsius
687 2854 826 2925 retenti
847 2853 1039 2950 sanguinis
1058 2853 1148 2923 mis-

137 2967 251 3038 tione.
272 2972 410 3041 Caetera
422 2961 505 3068 qirae
523 2993 653 3041 sumus
664 2970 822 3068 polliciti
840 2966 911 3065 (4),
924 2966 1148 3066 propediem

137 3084 370 3180 expectabis,
385 3103 422 3159 et
441 3085 593 3160 valebis.

198 3367 227 3444 ι)
249 3368 323 3426 Obs.
338 3359 397 3424 ao.¹

196 3467 226 3546 a)
247 3468 319 3524 Obs.
341 3467 408 3524 123.

195 3567 226 3645 3)

246 3565 337 3642 Apud
345 3567 456 3623 Donat:
467 3569 504 3626 de
514 3573 592 3629 med.
605 3573 680 3629 Hist.
693 3569 803 3629 Mirab.
814 3571 835 3627 l.
848 3575 879 3642 4,
893 3589 919 3628 e.
932 3590 961 3647 9.

198 3665 227 3744 l)
248 3667 362 3744 Supra,
372 3685 404 3724 ιι.
416 3686 433 3725 2
446 3667 544 3743 infin,
556 3691 587 3728 n.
603 3673 638 3731 18
652 3670 838 3748 inprincip,
849 3689 880 3727 n.
892 3671 929 3728 ιδ
939 3671 971 3726 in
980 3669 1037 3741 lin,
1051 3683 1106 3728 etc.

182 3365 194 3442 (

181 3467 194 3546 (

157 3569 162 3578 “
181 3566 193 3643 (

182 3665 193 3744 i

853 3854 866 3888 *l
