2800 4674
560 233 566 274 i

121 511 190 556 LIB·
218 504 258 554 11.
287 505 334 552 DE
360 501 498 551 Monms
522 499 721 564 montem,
747 499 859 548 emsT.
886 499 974 550 ΠΗ.
1009 507 1074 581 177.

63 647 160 698 sura.
177 621 255 694 Nec
268 643 360 694 vero
371 617 526 691 collecta
540 629 664 714 sputa,
677 615 783 717 quod
795 616 902 688 multi
916 616 1076 711 faciunt,

63 742 109 812 dc
128 735 230 838 pelvi
244 739 283 808 in
300 759 436 835 aquam
457 735 586 831 dejici,
604 732 668 805 sed
686 731 733 804 ab
752 734 840 831 aegri
857 735 975 831 ipsius
993 761 1079 829 ore,

64 874 105 930 ut
125 857 377 954 Hippocrates
392 853 521 951 jubet,
549 853 589 922 in
614 874 750 950 aquam
778 849 883 947 rejici
906 855 1077 947 volebat3

62 978 141 1048 imo
158 975 309 1072 abipso
327 973 415 1070 aegri
440 971 642 1070 pulmone,
660 984 697 1042 et
718 970 757 1041 id
779 971 928 1068 saepius,
955 975 1076 1070 probe

64 1095 241 1168 conscius
258 1117 338 1202 non
357 1105 467 1188 sputa
480 1111 660 1186 sempera
674 1080 834 1166 maxime
852 1091 977 1162 vitiata
990 1075 1077 1189 pul·

64 1215 189 1284 monis
206 1226 311 1309 parte
325 1204 452 1296 educi,
467 1222 504 1279 et
522 1221 654 1280 contra
665 1203 780 1304 quid
772 1209 862 1304 ipsis
875 1224 1077 1307 postquam

64 1330 203 1410 educte
223 1331 328 1415 sunt,
348 1349 422 1426 per
447 1347 593 1400 moram
613 1325 762 1397 detrahi
781 1328 917 1424 possit,
939 1341 980 1400 ut
1008 1329 1079 1399 alia

65 1471 144 1521 esse
160 1471 277 1546 quum
293 1448 418 1520 statim
428 1469 502 1544 per·
514 1469 552 1518 se
563 1442 740 1534 fuissent,
760 1445 800 1514 in
819 1447 1078 1544 experimento

65 1566 275 1638 videantur.

114 1710 172 1783 ις).
186 1684 259 1756 Sed
270 1680 770 1776 CaeliusAurelianus(t)ubi
785 1683 970 1778 plurimos
981 1701 1082 1755 eom·
1160 1716 1162 1724 s

67 1817 255 1875 memorat
267 1801 451 1886 medicos,
467 1800 534 1898 qui
550 1821 627 1869 non
645 1796 863 1869 admottetn
877 1801 1081 1896 pradican-

66 1915 175 2008 dam,
188 1921 255 1991 sed
268 1918 316 2014 ad
331 1914 614 1988 discernendum
622 1914 866 2012 purulentum
880 1917 1080 2014 liquorem,

65 2057 253 2136 aegrorum
273 2047 384 2134 'sputa
411 2035 451 2102 in
476 2053 612 2129 aquam
632 2034 839 2130 (marinam
864 2054 943 2105 non
966 2035 1084 2132 dicit)

65 2154 288 2243 mittebant,
301 2168 367 2223 aut
383 2136 614 2223 carbonibus
628 2151 899 2250 imponehaut3
915 2155 1083 2252 itemque

65 2269 267 2344 Cornelius
284 2270 416 2342 Celsus
427 2269 482 2366 (a)
495 2268 561 2340 uhi
576 2291 708 2340 eorum
727 2271 960 2344 mentionem
976 2270 1080 2362 fecit,

65 2389 135 2486 qui
155 2387 231 2459 hoc
254 2387 374 2459 altero
394 2387 599 2458 utebantur
619 2390 745 2487 signu,
765 2411 853 2460 cum
877 2387 926 2459 de
935 2369 1084 2488 ptulit

67 2505 313 2592 dubitabant,·
327 2530 406 2577 non
419 2505 583 2577 obscure
591 2503 770 2578 videntur
785 2503 948 2605 probare
959 2511 1081 2581 istiuse

69 2623 173 2696 modi
189 2623 484 2696 consuetudines
500 2651 508 2692 ε
528 2625 809 2722 primusautem
824 2627 860 2695 in
882 2625 1081 2723 phthisicis

70 2765 113 2811 ex
130 2745 321 2841 sanguinis
338 2743 543 2837 rejectione
561 2753 669 2840 sputa
682 2767 729 2814 ex
745 2743 868 2815 lividis
884 2745 943 2816 vel
963 2747 1082 2842 prasi*

72 2861 130 2930 nis
145 2860 229 2932 fleri
248 2860 339 2932 olba
372 2875 487 2958 etque
504 2859 729 2958 purulenta,
762 2861 901 2933 diserte
929 2863 1082 2953 scribit,

73 2978 173 3072 quod
190 2980 316 3077 primo
332 2978 389 3048 illi·
399 2987 585 3078 repugnat
599 2978 646 3049 ab
661 2981 804 3050 Jacotio
819 2977 874 3076 (3)
889 2981 1013 3077 posito
1025 2982 1083 3050 in·

74 3104 128 3163 ter
146 3118 219 3194 pus
248 3121 291 3168 ac
312 3098 486 3195 pituitam
511 3097 731 3170 discrimini.
759 3103 941 3170 Preterea
969 3095 1082 3172 ambe

74 3209 123 3282 illi
134 3229 279 3288 veteres
292 3216 445 3305 medici,
462 3238 560 3312 quos
570 3215 758 3314 plerique,
780 3230 817 3286 et
834 3239 904 3286 nos
921 3212 999 3288 iere
1012 3215 1083 3287 hec

76 3329 112 3399 in
127 3335 284 3431 epistola
300 3336 349 3406 ita
369 3335 582 3432 sequimur,
609 3349 651 3406 ut
668 3357 732 3406 eos
750 3349 877 3404 tamen
895 3336 961 3432 qui
976 3335 1084 3406 aliter

79 3455 258 3540 sentiunt,
285 3478 364 3524 non
390 3452 652 3551 improbemus
663 3452 677 3538 ,'
693 3475 776 3522 eam
799 3453 926 3524 tabem
945 3455 985 3523 in
1007 3478 1083 3550 qua

79 3571 217 3643 saniosa
229 3595 271 3643 ac
284 3571 485 3670 purulenta
495 3587 693 3669 sputanon
707 3571 798 3659 sint,
811 3560 994 3668 phthisim
1005 3595 1083 3640 non
1112 3607 1120 3642 ι

117 3866 159 3948 (1)
178 3874 278 3930 Morb.
296 3817 434 3928 chronml
450 3878 590 3942 2,c.1l..

119 3967 148 4043 (a
180 3973 341 4031 Demedic.
356 3974 376 4028 l.
394 3973 469 4044 3,c.
486 3989 533 4026 aa.

120 3971 248 4245 (davni.
263 4094 294 4132 ιι
314 4073 360 4131 ι8.
