2820 4668
154 483 223 537 tn.
251 489 292 536 n.
321 485 367 535 nu
392 483 529 536 nonus
553 479 875 546 cacuminatur.
897 479 1010 530 nvn.
1040 454 1106 533 521

103 605 238 692 tinias,
264 599 494 688 officiebant3
518 599 582 672 sed
606 599 777 696 exempla
807 598 942 670 addam
966 597 1043 680 ¹alia
1071 600 1112 668 in

104 721 252 819 quibus
270 745 358 792 vera
378 743 461 794 ossa
480 716 612 806 fuisse,
630 739 699 790 nec
719 732 761 788 tu
780 741 943 818 nec'ego
963 713 1113 788 dubita·-

71 925 76 945 .
105 836 244 910 bimus.
261 840 392 936 Neque
411 839 512 909 enim
534 834 654 906 lacere
679 859 765 908 cnm
789 836 834 906 iis
854 859 1008 932 possum
1026 835 1114 931 qui,

109 957 257 1029 arteriis
279 955 443 1053 exceptis
462 969 498 1026 et
518 951 652 1024 falcato
673 977 802 1026 crassae
823 955 1009 1051 meningis
1030 977 1115 1050 pra·

105 1097 239 1162 cessu,
273 1097 352 1144 non
380 1072 558 1144 videntur
583 1069 673 1140 alibi
699 1093 823 1142 osseas
855 1073 1116 1143 concretiones

106 1211 337 1290 agnoscere,
353 1189 418 1264 sed
435 1215 506 1289 pro
523 1189 694 1261 tartareis
715 1188 832 1287 magis
841 1187 983 1260 habent
995 1203 1033 1260 et
1047 1187 1119 1260 cal-

112 1309 269 1382 culosis:
289 1323 330 1380 ut
344 1313 469 1406 neque
483 1313 569 1380 cun'r
590 1308 634 1379 iis
653 1309 720 1405 qui
735 1333 802 1380 cor
816 1322 852 1378 et
864 1308 1019 1380 arterias
1041 1302 1118 1378 fere

114 1425 212 1501 solas
229 1442 383 1500 censent
407 1427 447 1496 in
470 1451 559 1499 vera
581 1449 662 1498 ossa
682 1450 791 1522 posse
816 1427 962 1496 mutari.
985 1423 1054 1495 Sed
1083 1437 1121 1496 et

112 1543 188 1616 illis
204 1543 317 1615 credo
336 1545 403 1640 qui
421 1544 461 1612 in
481 1541 594 1614 corde
606 1542 810 1637 aliquando
829 1558 864 1612 et
879 1544 1024 1614 arteriis
1041 1565 1120 1612 non

113 1685 223 1732 veras
240 1683 363 1732 osseas
384 1660 650 1732 concretiones
662 1658 857 1744 viderunt,
877 1673 913 1728 et
933 1658 1023 1727 mini
1051 1659 1123 1754 ipsi

117 1777 253 1865 credo,
270 1801 349 1848 non
363 1776 478 1848 modo
496 1777 576 1848 aliis
594 1803 614 1848 a
636 1775 775 1873 quibus
793 1776 832 1846 in
850 1774 964 1846 corde
976 1790 1013 1846 et
1032 1791 1124 1847 arte·

115 1897 181 1968 riis
198 1917 284 1968 vera
305 1919 386 1967 ossa
407 1910 606 1993 conspecta
627 1911 724 1966 sunt.
750 1899 892 1967 Verum
914 1893 961 1966 de
981 1896 1125 1970 arteriis

109 2027 255 2113 postea.
269 2015 380 2084 Nunc
393 2013 498 2110 prius
514 2011 560 2084 de
574 2011 688 2085 corde
698 2011 903 2084 videamus.
917 2007 1124 2087 Columhus

117 2145 248 2205 noster
264 2131 318 2229 (1)
335 2130 460 2203 cordis
474 2147 619 2229 septum
628 2131 721 2203 vidit
735 2133 866 2229 utique
876 2132 915 2201 in
931 2132 1128 2212 nonnullis

119 2249 419 2345 cartilaginem,
444 2265 480 2321 et
498 2247 711 2349 Veslingins
730 2253 819 2322 item
842 2265 971 2323 noster
994 2251 1049 2348 (a)
1075 2252 1125 2324 si·

121 2369 289 2438 nistrum'
309 2368 583 2464 ventriculum,
608 2394 687 2440 non
705 2393 787 2442 osse
809 2369 981 2466 quidem,
1000 2385 1043 2442 ut
1061 2369 1127 2440 ali·
1148 2385 1150 2392 ‘

13 2531 14 2568 4
122 2485 330 2582 quinium,
352 2485 416 2557 sed
434 2487 679 2584 cartilaginea
694 2503 817 2560 crusta
830 2492 1056 2560 succinctam
1073 2493 1127 2558 in-

13 2647 14 2668 i
124 2616 180 2672 tur
208 2603 413 2700 conspexit.
449 2607 495 2675 Et
528 2605 566 2674 in
595 2603 831 2702 Sepulchret'i
857 2604 957 2676 libro
988 2603 1063 2678 hoc
1093 2608 1128 2678 11

123 2733 209 2791 sect.
230 2719 313 2817 l(3)
329 2737 365 2792 et
384 2725 417 2792 Π
438 2720 492 2819 (l)
513 2721 759 2819 habesjuxta
778 2723 990 2796 auriculam
1005 2721 1130 2797 cordis'

44 2891 46 2895 .
115 2843 326 2928 amimam,
351 2838 656 2936 cartilaginosum
677 2847 979 2926 excrescentium
995 2843 1073 2914 imo
1090 2855 1130 2916 et

115 2956 309 3028 auriculas
322 2957 420 3054 ipsas
437 2956 607 3029 duriores
625 2973 662 3028 et
676 2958 948 3052 cartilagineas.
967 2957 1042 3030 Ubi
1069 2982 1129 3032 au·

124 3075 392 3172 temcartilago
414 3089 488 3163 est,
512 3073 564 3146 ibi
580 3099 713 3146 verum
735 3099 777 3147 os
802 3073 885 3146 fieri
906 3099 1031 3174 posse,
1048 3096 1129 3148 non

123 3191 272 3264 videtur
283 3192 543 3264 dubitandum.
557 3193 813 3296 Quamobrem
828 3195 965 3268 mirum
982 3218 1060 3266 non
1076 3211 1132 3271 est

127 3310 231 3407 quod
250 3309 311 3379 alii
332 3326 374 3382 ut
390 3334 460 3385 nos
479 3313 518 3383 in
539 3311 654 3384 corde
678 3337 760 3386 ossa
786 3312 1129 3411 deprehenderint,
