2824 4668
305 405 376 480 290
468 401 515 450 DE
541 395 686 446 sumnus
711 397 755 442 ET
780 393 905 442 CAUSIS
933 395 1145 446 MORBORUH

303 523 342 592 in
353 513 527 619 pluribus
543 511 625 607 ejus
634 507 805 607 corporis
812 505 1004 606 partibus,
1022 523 1059 582 et
1077 511 1213 608 inipso
1225 535 1316 609 prae·

297 639 431 714 sertim
450 630 564 706 corde
578 628 755 727 spectavi,
771 624 1157 728 frequentissimaeque
1169 633 1317 704 studio-

304 779 432 830 sorum
450 773 599 824 eoronae
614 745 780 831 ostendi,
796 745 983 840 ejusmodi
994 762 1097 836 suut,
1110 764 1153 820 ut
1164 775 1250 820 non
1264 754 1317 822 in-

301 873 416 970 digna
435 890 607 942 censeam
625 887 707 961 quae
721 878 846 936 tecum
864 868 1210 938 communicentur.
1226 874 1317 940 Cor-

303 991 361 1064 dis
377 988 600 1060 exteriorem
628 979 761 1054 faciem
785 982 1012 1054 examinanti
1033 988 1172 1058 arteria
1193 1012 1233 1058 se
1253 987 1316 1058 ob·

302 1108 388 1180 tulit
405 1101 603 1176 coronaria
613 1099 764 1172 sinistra
775 1099 816 1172 in
832 1099 998 1174 canalem
1013 1125 1165 1174 osseum
1175 1104 1225 1175 ab
1241 1107 1316 1202 ipsa

300 1224 447 1320 urigine
474 1220 520 1294 ad
544 1231 705 1292 tractum
729 1217 897 1314 plurium
922 1217 1127 1316 digitorum
1154 1238 1315 1311 mutata,

298 1367 378 1440 qua
405 1339 504 1412 basis
526 1359 701 1434 magnam
727 1349 873 1432 partem
902 1335 1152 1434 amplectitur.
1184 1339 1262 1414 Sed
1285 1356 1317 1413 et

302 1458 399 1534 rami
417 1456 517 1528 illius
535 1453 736 1553 praelongi‚
762 1477 877 1549 quem
903 1477 972 1551 per
988 1455 1219 1528 anteriorem
1237 1483 1316 1532 cor·
1396 1531 1397 1546 ¹

300 1577 361 1654 dis
378 1572 511 1649 faciem
527 1570 710 1658 demittit,
728 1583 911 1667 parserat
928 1595 1035 1644 ossea
1054 1573 1133 1670 jam
1155 1573 1257 1648 lacta
1273 1577 1316 1648 ad
1396 1587 1397 1664 g

298 1709 448 1770 tantum
467 1688 648 1788 spatium,
672 1703 857 1784 quantum
879 1686 985 1786 digiti
1011 1694 1218 1764 transversi
1241 1709 1312 1766 tres
1396 1695 1397 1728 ³

301 1811 504 1910 operirent.
529 1811 662 1903 Itaque
680 1805 738 1879 via
752 1807 924 1904 sanguini
939 1806 1146 1906 utrobique
1158 1810 1311 1907 patebat

302 1954 383 2006 uon
400 1952 469 2026 per
485 1924 655 2000 canalem
681 1922 987 2015 membraneum,
1011 1939 1076 1998 aut
1103 1952 1224 2024 quem
1246 1929 1312 2000 die

301 2051 407 2144 jectac
425 2043 579 2118 lamella.
598 2065 710 2114 osseae
727 2040 790 2112 bic
808 2041 884 2116 illic
912 2041 1105 2132 duriorem
1128 2041 1312 2134 facerent,

298 2164 370 2238 sed
390 2187 459 2259 per
481 2159 657 2234 tubulum
678 2183 828 2232 osseum
849 2175 1100 2258 perpetuum,
1127 2164 1192 2234 vix
1223 2190 1312 2237 uon·

305 2279 421 2356 nullis
440 2279 480 2351 in
497 2277 589 2348 locis
608 2277 734 2348 minus
754 2275 912 2366 durum,
935 2279 1055 2376 iisque
1081 2284 1311 2380 perexiguis,

304 2411 345 2470 et
366 2420 452 2474 cum
472 2409 680 2470 transversa
707 2393 844 2468 lineola
864 2395 1056 2468 nodorum
1076 2398 1185 2470 exilis
1208 2424 1312 2472 arun·
1395 2447 1396 2458 η

305 2514 405 2585 dinis
424 2511 699 2609 comparandis.
725 2515 820 2584 Tum
843 2513 959 2586 corde
981 2529 1131 2613 apert0,
1150 2532 1191 2590 et
1211 2520 1313 2616 poly·
1395 2505 1396 2512 ἵ

302 2632 405 2730 posis
431 2627 658 2728 quibusdam
687 2629 996 2706 concretionibus
1016 2632 1221 2723 detractis,
1252 2638 1314 2710 etsi

303 2772 459 2850 aggeres
468 2747 701 2823 valvularum
711 2772 853 2847 magna
862 2751 1004 2822 arteria
1015 2750 1315 2827 durioresmulto

302 2891 419 2966 quam
437 2864 601 2954 soleant,
624 2880 662 2938 et
685 2889 782 2963 pene
800 2891 931 2940 osseos
947 2867 1042 2957 vidi3
1069 2867 1168 2940 nibil
1190 2885 1314 2945 tamen

303 2987 480 3066 osseiaut
498 2985 538 3054 in
554 2983 659 3082 ipsis,
677 2999 742 3056 aut
760 2985 799 3056 in
819 2984 900 3058 aliis
918 2985 1093 3075 valvulis,
1112 3003 1179 3060 aut
1198 2988 1313 3058 inilia

304 3103 439 3179 arteria
458 3125 578 3198 prope
598 3125 664 3172 cor
688 3101 863 3198 quidem,
884 3102 1128 3202 deprehendi.
1152 3105 1228 3176 Sed
1252 3106 1314 3176 ali-

304 3246 415 3318 quoa
432 3219 546 3293 corde
563 3219 780 3308 intervallo,
793 3234 830 3292 et
844 3220 889 3294 ad
904 3224 1146 3320 superiorum
1161 3229 1313 3300 arteria·
1394 3249 1395 3252 ’

305 3361 390 3409 rum
415 3336 597 3432 origines,
627 3349 664 3408 et
685 3335 865 3435 deinceps
879 3337 928 3410 ad
946 3337 1174 3414 divisionem
1193 3367 1312 3441 usque

304 3455 345 3524 in
362 3453 506 3536 iliacas,
527 3469 605 3524 erat
616 3468 728 3526 aortae
745 3455 904 3528 interior
920 3452 1032 3529 facies
1043 3481 1138 3556 sape
1150 3460 1312 3558 inaequa-
1394 3469 1395 3478 ’

302 3571 348 3651 lis
364 3569 416 3642 ob
433 3593 557 3645 osseas
573 3568 790 3644 durissimas
806 3572 982 3663 laminas,
1004 3601 1171 3672 quarum
1185 3578 1312 3674 plures

302 3685 550 3788 amplitudine
569 3711 736 3785 unguem
747 3706 944 3787 aequarunt
958 3691 1064 3791 digiti
1075 3687 1228 3791 pollicis
1242 3721 1250 3766 :
1264 3694 1312 3766 iu-

301 3808 432 3878 timam
447 3819 594 3894 tamen,
610 3825 691 3902 quae
706 3831 767 3878 eas
783 3832 915 3881 omnes
935 3810 1151 3907 operiebat,
1167 3811 1309 3882 arteriae

298 3925 464 3996 tunicam
484 3947 563 3994 uno
581 3937 729 3996 tautum
746 3926 786 3999 in
801 3925 887 4002 loco
900 3927 1023 4003 laesam
1039 3923 1184 4003 offendi
1197 3983 1207 4016 ‚
1222 3950 1310 4002 cras-
