2824 4668
149 461 217 508 mr.
246 461 285 520 ιι.
315 457 888 523 onirourrsrflouncrs,ur1sr.
916 463 999 508 xxv.
1028 439 1097 537 377

86 575 240 673 periore
267 572 425 671 epistola
448 571 516 670 (1);
534 588 571 644 et
587 597 671 670 quae
689 573 735 645 de
756 589 884 648 sutore
901 581 1022 648 XVIII
1044 578 1098 674 (α)

87 691 276 790 descripta
286 706 359 780 est,
375 715 540 788 quorum
552 692 720 788 utrique,
736 693 809 764 illis
823 691 1100 768 defectionibus

88 810 278 898 obnoxio,
306 810 336 882 si
354 813 468 882 vitam
493 833 658 914 syncope
681 825 848 907 ereptam
868 811 1025 902 dixeris,
1048 812 1101 886 fa-

88 929 162 1003 cile
183 953 359 1010 annuam.
381 928 452 1001 Sed
475 930 628 1027 insuper
651 929 751 1027 leges
774 930 812 1000 in
841 930 973 1003 eadem
1003 935 1101 1030 epis-

86 1048 169 1119 tola
184 1049 326 1136 XVIII,
348 1045 637 1128 ,observationes
659 1046 747 1119 alias
775 1046 868 1120 duas
889 1047 983 1145 (3),
1009 1075 1102 1147 quas

87 1189 180 1236 cum
199 1166 394 1265 proposita
420 1164 597 1238 Valsalvae
621 1190 838 1263 compares,
857 1166 1101 1264 explicatum·

87 1309 168 1380 que
191 1285 302 1362 etiam
319 1284 491 1360 iuvenies
511 1283 578 1380 (Δ),
599 1283 795 1380 quomodo
819 1283 1015 1362 dilatatum
1036 1309 1102 1356 cor

85 1398 199 1474 facile
223 1402 443 1474 succumbat
470 1402 635 1498 deniqne
661 1402 771 1473 oneri
793 1404 987 1499 sanguinis
1007 1427 1101 1500 prae-

87 1523 278 1618 gravanti,
305 1536 342 1594 et
365 1519 527 1592 celerem
545 1517 676 1592 afferat
696 1534 878 1606 mortem,
896 1522 1101 1616 praesertim

89 1639 123 1710 si
142 1637 235 1735 quid
259 1637 414 1710 accedat
430 1637 532 1708 unde
553 1636 653 1706 illius
668 1635 897 1733 expelientes
917 1638 1015 1706 vires
1033 1637 1102 1707 im-

87 1757 326 1836 minuantur.
360 1754 475 1850 Cujus
500 1753 555 1824 rei
574 1777 723 1824 causam
746 1751 785 1820 in
809 1776 854 1822 eo
877 1751 924 1822 de
949 1777 1026 1849 quo
1047 1753 1104 1824 lo·

92 1875 266 1972 quimur‚
279 1873 419 1967 juvene
447 1869 553 1941 facile
575 1883 746 1966 repetere
777 1866 824 1938 ab
848 1871 973 1940 nervis
998 1877 1105 1966 potes

92 1992 170 2064 sive
197 1989 247 2061 ob
271 2012 395 2060 acrem
410 2041 420 2075 ,
438 1988 505 2084 qui
522 2001 678 2085 repente
704 1985 833 2056 laesum
852 1985 1105 2056 ventriculum

94 2107 345 2206 corripuerit,
361 2104 534 2176 dolorem
554 2103 764 2188 convulsis,
781 2104 856 2174 sive
872 2100 919 2172 ab
935 2126 1032 2198 aqua
1043 2102 1106 2174 illa

94 2225 177 2298 sub·
190 2223 323 2294 duram
345 2223 560 2320 meningen]
588 2221 796 2319 improviso
816 2215 933 2292 effusa
953 2233 1016 2290 aut
1035 2219 1106 2292 sal·

94 2359 173 2415 tem
196 2355 323 2430 aucta,
344 2355 380 2414 et
399 2340 587 2439 quidquid
605 2343 705 2412 intra
719 2340 889 2410 cranium
902 2354 1006 2426 erat,
1025 2363 1107 2437 pre-

19 2459 22 2464 ’
94 2474 243 2548 mente,
273 2458 368 2532 adeo
386 2473 451 2530 aut
478 2459 722 2556 compressis,
743 2471 807 2528 aut
829 2457 1030 2555 spirituum
1051 2458 1105 2528 in·

84 2576 198 2662 fluxu
217 2581 377 2674 exparte
398 2577 570 2674 privatis,
583 2591 625 2646 ut
642 2573 830 2671 ejusmodi
844 2574 969 2646 cordis
985 2577 1106 2659 motui

88 2695 281 2778 ¹seruando
303 2718 411 2794 pares
430 2695 593 2793 amplius
608 2718 686 2766 esse
704 2717 783 2764 non
796 2707 959 2792 possent.
975 2697 1105 2789 Itaque

95 2814 248 2911 sanguis
266 2801 306 2884 in
326 2814 427 2886 cavis
442 2813 524 2909 ejus
538 2812 719 2900 dexteris,
734 2826 771 2882 et
790 2809 895 2908 quod
906 2812 1106 2907 consequi-

96 2946 180 3019 tur,
199 2931 239 3002 in
257 2955 360 3004 venae
385 2955 503 3018 cavae,
527 2945 563 3003 et
584 2929 767 3028 proximis
783 2927 899 3023 hujus
919 2927 1033 2998 ramis
1044 2928 1107 3021 jn·
1178 2994 1197 3012 κ

97 3050 295 3151 gularibus
308 3052 542 3140 cumulatum
560 3051 749 3138 subsistit,
771 3073 936 3146 eumque
955 3049 993 3116 in
1008 3046 1106 3121 collo
1154 3053 1156 3058 ’

96 3170 146 3256 ad
168 3170 332 3270 laryngis
346 3172 481 3260 latera,
500 3186 536 3244 et
553 3173 593 3242 in
616 3168 708 3240 facie
725 3169 883 3238 livorem
899 3180 1108 3238 tumorem-

96 3313 173 3384 que
187 3285 320 3360 effecit.

146 3411 183 3493 d.
202 3405 384 3478 Sacerdos
401 3430 523 3480 annos
539 3423 651 3478 natus
671 3405 878 3502 sexaginta,
897 3426 967 3502 per
980 3401 1110 3500 trigin-

202 3719 302 3782 Nss

138 3719 164 3798 (¹

136 3821 230 3898 (Ν

138 3922 150 4000 (

138 4019 151 4099 (

171 3719 183 3799 )

152 3839 241 3898 Ἠ·

153 3921 373 3998 ἢΝ.8αή.

153 4017 293 4100 NN.ffl
