2820 4668
321 447 323 456 ’
357 442 425 530 542
520 459 567 508 nr
593 455 741 508 sturnus
764 452 809 506 er
833 451 959 510 causis
983 457 1188 515 uonuonuu

355 589 398 652 ut
421 581 461 649 iu
488 575 720 650 sectionibus
744 577 939 675 apparuit,
964 593 1138 652 naturam
1153 583 1222 678 jum
1238 599 1314 656 nacta

354 713 434 774 erat
458 695 620 768 mediam
640 696 740 766 inter
756 695 1003 792 ligamentum
1033 715 1070 771 et
1091 702 1313 798 cartilaginem.

353 815 588 910 Quantulum
608 814 755 900 deerat,
785 816 815 886 si
842 815 991 888 vixisset
1021 816 1161 908 horno,
1182 831 1220 890 ut
1244 841 1316 890 ossea

352 936 509 1010 tandem
530 933 636 1005 lieret
648 934 664 1002 i
677 933 777 1002 Num
796 949 890 1004 vero
905 934 1105 1007 credemus
1119 947 1232 1008 totum
1243 935 1315 1007 illun

351 1053 584 1154 praecipuum
602 1066 639 1122 et
651 1065 798 1146 tantum·
812 1053 957 1122 arterioe
970 1067 1136 1125 tractum
1155 1053 1315 1124 indamna-

351 1176 455 1246 tione
480 1185 517 1242 et
537 1170 811 1268 suppuratione
830 1189 988 1241 'omnem
1014 1169 1098 1268 ejus
1117 1171 1314 1244 substantiam

351 1305 585 1388 occupante,
599 1288 764 1386 potuisse
779 1289 855 1384 jam
867 1283 976 1360 antea
991 1289 1186 1379 laborare,
1203 1299 1315 1362 utnus

348 1423 412 1481 aut
427 1408 630 1480 acutissimi
652 1407 782 1478 saltent
807 1406 933 1478 morbi
952 1408 1057 1506 sigua
1084 1427 1166 1480 nou
1186 1407 1315 1478 adessent

348 1545 396 1600 eo
410 1541 581 1624 tempore
593 1526 609 1595 i
622 1519 816 1621 Ejusmodi
828 1541 953 1597 autem
968 1525 1129 1599 morbus
1138 1529 1314 1624 utiqueuu

348 1657 596 1745 praecesserat.
617 1643 719 1735 Quid
744 1647 879 1716 verosi
894 1657 950 1716 tot
967 1647 1006 1716 in
1028 1644 1314 1732 cadaueribus‚ia

348 1763 488 1863 quibus
518 1763 711 1836 erosiones
735 1773 772 1834 et
792 1763 1090 1837 exulcerationes
1123 1765 1254 1836 arteria
1274 1761 1314 1831 de·

345 1881 642 1982 prehendimus,
664 1901 744 1952 nou
770 1880 829 1952 hu
854 1901 1004 1980 semper
1029 1897 1103 1954 uec
1133 1882 1255 1980 sepius
1267 1877 1314 1950 lu-

345 1999 1314 2098 tasseantecesseruntproductiouenrosseururusqu·

343 2139 514 2206 marum3
543 2117 608 2190 sed
638 2119 724 2189 istas
742 2118 870 2215 potius
894 2133 984 2190 sunt
1001 2117 1311 2190 consecuturum

345 2257 390 2310 ex
419 2235 620 2336 purulenta
645 2255 758 2334 quam
788 2248 882 2308 tunc
907 2227 1072 2308 vidimus
1103 2236 1264 2322 materia,
1285 2250 1312 2300 et

345 2356 462 2428 erosis
478 2355 571 2426 loeis
590 2353 814 2443 distillante,
829 2353 979 2426 eusdem
1003 2363 1183 2451 squamus
1193 2351 1311 2424 eurtum

342 2471 562 2574 putabimus
580 2472 595 2541 i
611 2471 694 2542 lino
712 2471 768 2542 lm
786 2473 861 2544 suis
885 2473 1026 2570 asperis
1041 2485 1080 2544 et
1102 2487 1199 2571 saepe
1222 2479 1310 2541 etur·
1363 2567 1364 2572 Ἰ

342 2589 444 2662 tibus
460 2589 685 2688 plusminus
705 2591 781 2661 oris
801 2591 971 2662 intimam
989 2591 1161 2662 tunicam
1181 2603 1310 2688 permu-
1363 2573 1364 2606 ³

341 2707 489 2808 pendo,
505 2707 792 2782 erosionesillas
805 2706 1152 2780 eteruleerationes
1169 2695 1307 2782 isurun.
1363 2685 1364 2765 l

338 2829 469 2926 Neque
488 2827 589 2898 enim
611 2839 735 2923 potest
759 2827 894 2897 arteria
915 2841 953 2898 se
978 2825 1227 2914 contrahere,
1247 2817 1310 2918 quin

308 2979 312 2989 ·
341 2946 558 3042 asperitates
580 2957 617 3014 et
638 2945 745 3040 quasi
768 2944 920 3016 aculeos
939 2943 1193 3016 ossicutorum
1215 2947 1311 3012 contu

313 3131 317 3141 ,
339 3083 421 3134 eam
440 3063 606 3138 tunicam
625 3073 774 3162 urgeat,
792 3081 921 3158 neque
932 3059 1101 3160 sanguis,
1120 3053 1311 3132 acordem-

340 3179 492 3278 pulsus,
510 3177 663 3252 arterias
683 3178 921 3268 distendere,
944 3181 1038 3276 quiu
1059 3179 1228 3252 eamdem
1241 3167 1309 3244 tunl-

338 3319 419 3370 carn
436 3297 482 3367 ad
493 3297 644 3368 aculeos
654 3296 740 3368 illos
753 3297 949 3394 apprimut.
962 3295 1056 3368 Vide
1069 3305 1113 3368 ut
1125 3279 1310 3393 Belliuud)

231 3487 234 3493 .
337 3415 385 3488 ab
402 3415 506 3486 hisee
526 3415 714 3502 ossiculis,
731 3435 817 3512 quae
833 3413 998 3512 lapides,
1015 3421 1058 3488 ut
1073 3413 1164 3485 alibi
1183 3413 1232 3508 (a)
1246 3399 1311 3476 diti*

337 3553 444 3622 mus,
464 3531 731 3632 appellitabat,
748 3545 786 3602 et
802 3530 1141 3604 inflammationem
1157 3541 1194 3601 et
1203 3520 1311 3598 erede

338 3673 427 3724 nem
439 3651 521 3748 ejus
534 3648 669 3720 tunicae
682 3647 819 3721 diserte
830 3663 985 3747 repetat.
995 3642 1308 3752 taptdesotdtmu
1361 3653 1362 3678 ¹

377 3929 421 4006 (a)
442 3932 486 3985 De
498 3927 598 3984 morb.
610 3939 688 4002 pect.
703 3927 757 3984 ubi
769 3928 806 3986 de
819 3927 978 3988 intermiss.
990 3928 1068 4003 puls.

376 4027 421 4104 (a)
441 4027 535 4102 Epist.
555 4033 592 4092 al,
606 4046 637 4083 n.
656 4047 701 4098 17.
