2800 4674
142 495 213 542 ms.
240 495 280 542 u.
308 487 872 576 uruonrrsrnousc1s,rr1sr.
900 495 988 544 xxn.
1020 472 1087 568 173

83 607 122 676 in
140 606 333 678 medendo
354 603 522 675 mulieris
539 602 596 674 lac
615 627 694 672 non
713 619 862 700 praestet
878 606 964 678 lacti
985 623 1089 682 caete·

82 747 210 796 rarum
225 725 493 811 animantium,
511 722 680 818 quamvis
700 721 794 791 illud
817 737 859 792 ut
865 726 1067 813 familiare
1073 781 1085 816 ,

83 839 321 939 ejusdemque
348 841 538 910 nobiscum
565 853 733 924 naturae,
755 844 897 910 caeteris
909 846 1088 937 praefhre-

82 959 176 1028 bant
190 957 248 1028 ad
258 959 429 1054 tabificos
443 957 602 1048 affectus
619 955 679 1026 vel
696 957 840 1051 antiqui
857 955 910 1026 illi
931 958 1085 1048 medici,

80 1075 119 1144 in
139 1077 351 1174 primisque
377 1072 607 1170 Euryph0n‚
623 1085 661 1144 et
684 1072 914 1162 Herodotus,
934 1099 954 1146 a
977 1077 1087 1148 Gale-

62 1217 130 1302 ϋηο
147 1192 214 1291 (ι)
233 1192 383 1264 laudati.
402 1196 473 1262 Per
487 1189 566 1260 haec
580 1187 628 1260 ab
645 1203 815 1260 extremo
823 1190 1022 1262 novembri
1036 1194 1084 1265 ad

80 1308 250 1381 medium
267 1310 407 1380 maium
422 1307 703 1406 diligentissime
720 1322 881 1396 servata,
896 1309 946 1380 ita
967 1308 1084 1384 homo

79 1428 274 1498 restitutus
291 1441 365 1513 est,
392 1439 435 1496 ut
458 1422 644 1497 sexdecim
670 1423 771 1521 ipsos
791 1449 911 1498 annos
936 1431 1084 1527 egregie

80 1544 251 1616 valuerit.
265 1543 411 1635 Quibus
423 1543 576 1640 elapsis,
588 1542 669 1636 ejus
683 1543 831 1640 sanguis
847 1543 984 1614 iterum
1005 1569 1085 1618 cor-

81 1662 246 1761 pusculis
261 1659 504 1734 erodentibus
520 1656 647 1746 foetus,
662 1657 740 1729 haec
752 1683 821 1756 per
831 1659 1029 1734 biennium
1043 1665 1083 1736 in

83 1793 168 1850 cute
181 1778 251 1852 sub
265 1779 528 1876 impetiginum
549 1773 669 1846 forma
686 1775 869 1873 deposuit.
882 1776 954 1850 Sed
964 1778 1023 1852 his
1036 1781 1084 1855 de

82 1895 287 1995 improviso
312 1890 639 1984 evanescentibus,
662 1892 730 1960 imi
756 1891 872 1988 pedes
894 1898 1087 2011 acerrimis¹

79 2011 278 2084 doloribus
299 2032 386 2080 cum
405 2009 532 2105 aliquo
551 2022 720 2096 tumore,
740 2009 805 2080 sed
822 2010 956 2105 majori
972 2012 1083 2087 rube-

78 2126 188 2215 dine,
211 2127 311 2228 capti
327 2139 425 2198 sunt.
445 2127 536 2216 Quae
554 2139 640 2223 post
660 2123 739 2196 dies
759 2126 890 2224 viginti
917 2151 1004 2201 cum
1020 2155 1081 2203 re-

75 2257 193 2342 pente
210 2243 406 2332 abiissent,
421 2266 508 2314 ecce
523 2241 591 2313 tibi
605 2266 674 2339 per
685 2240 844 2314 biduum
859 2246 974 2316 urinae
993 2272 1080 2347 sup-

75 2360 227 2460 pressio
243 2388 251 2431 :
270 2376 307 2433 et
329 2375 414 2458 post
441 2359 541 2430 hauc
565 2383 719 2432 crurum
738 2375 865 2432 tumor
885 2386 979 2463 saepe
996 2391 1081 2440 eva-

78 2500 256 2566 nescens,
275 2501 368 2578 saepe
383 2477 553 2566 rediens,
569 2491 649 2548 tum
668 2475 808 2567 febres,
820 2479 1081 2556 tandeminter

80 2594 322 2684 umbilicum,
339 2611 376 2666 et
390 2596 531 2693 pubem
543 2595 638 2668 dura
652 2596 820 2694 quaedam
831 2599 978 2672 interna
992 2627 1080 2701 pro·

81 2709 312 2802 tuberantia,
328 2727 442 2810 atque
466 2713 538 2784 alia
564 2729 743 2811 praeterea
767 2717 908 2791 ventris
932 2719 1079 2790 incom-

82 2832 210 2922 moda,
235 2830 374 2930 quibus
400 2828 650 2919 conflictatus,
675 2831 824 2903 vivendi
846 2831 1011 2932 denique
1033 2836 1079 2908 fi·

82 2973 167 3022 nem
181 2947 278 3022 fecit.
293 2947 364 3020 Sed
374 2947 453 3019 haec
467 2949 608 3036 omnia,
623 2947 840 3021 absentibus
851 2950 979 3036 nobis,
994 2977 1079 3026 con·

81 3065 196 3164 tigere
213 3091 321 3164 :vquae
348 3063 398 3136 ob
421 3063 460 3136 id
482 3064 745 3136 tantummodo
770 3071 1079 3140 commemoravi·

82 3205 184 3274 mus,
208 3197 251 3255 ut
272 3185 505 3256 curationem
535 3183 637 3253 illam
659 3196 825 3252 nostram
852 3181 1079 3281 perfectam,

81 3296 365 3398 absolutamque
378 3297 752 3396 fuisseintelligeres,
768 3321 853 3368 cum
868 3298 984 3373 homo
997 3329 1076 3377 non

82 3417 202 3490 solum
222 3417 365 3490 tamdiu
384 3418 560 3506 valuerit,
577 3416 642 3488 sed
663 3411 700 3486 et'
724 3431 924 3523 postquam
939 3420 1077 3496 iterum
1183 3479 1185 3482 -

82 3551 258 3630 egrotare
280 3535 410 3634 coepit,
429 3550 485 3608 tot
502 3537 601 3606 inter
617 3532 772 3606 morbos
790 3560 986 3634 nunquam
1002 3544 1077 3638 pri·

82 3671 143 3722 mo
161 3653 228 3725 illo
242 3641 477 3726 tentatuslsit.
496 3655 619 3743 Quem
636 3675 722 3722 cum
738 3650 920 3750 phthisim
941 3651 1075 3744 luisse,

84 3855 1074 3888 mmm

120 4019 163 4099 (1)
182 4026 228 4086 De
241 4042 359 4086 succor.
370 4021 468 4080 bonit.
483 4032 512 4076 et
523 4020 577 4076 vit.
589 4041 616 4078 c.
628 4029 657 4090 4.
