2820 4668
313 467 383 558 482
475 487 523 541 nr
549 483 700 540 armam
721 485 766 540 ar
791 479 924 540 causts.
942 485 1155 539 notrorum

311 627 467 681 necesse
484 615 561 690 est,
580 594 675 698 quin
693 600 807 675 etiam
821 653 831 690 ‚
845 613 890 672 ut·
903 613 995 674 tunc
1013 625 1083 700 per
1096 603 1180 699 jam
1196 605 1330 695 incisa,

312 739 349 798 et
373 720 620 824 postmodum
640 743 710 818 per
729 742 772 790 ca
791 743 877 817 qun
892 719 932 790 in
950 722 1137 819 proximis
1158 723 1332 821 partibus

309 867 397 918 rasa
413 841 658 926 inciduntur,
679 838 831 936 sanguis
849 836 998 912 defluat.
1018 839 1134 932 Quod
1152 841 1186 914 si
1203 841 1331 914 nihilo·

310 963 437 1038 minus
470 961 565 1036 velis
593 957 761 1035 tribuere
802 957 945 1056 aliquid
982 981 1089 1056 aquae
1126 962 1246 1034 etiam
1282 962 1328 1033 illi

309 1103 393 1179 quar
405 1080 446 1150 in
457 1077 608 1156 cerebri
622 1074 844 1150 ventriculis
861 1091 1065 1174 conspecta
1081 1093 1152 1166 est,
1167 1095 1209 1150 et
1229 1077 1329 1177 quid·

307 1199 412 1300 piam
429 1195 670 1282 comminisci
692 1192 796 1268 unde
820 1194 954 1282 nervi,
977 1193 1084 1268 cordi
1113 1211 1153 1270 et
1181 1197 1326 1294 pulmo-

308 1315 423 1391 nibus
436 1313 705 1400 inservientes,
720 1311 1054 1410 repentiniobitus
1069 1315 1324 1390 causasadau·

207 1500 211 1510 ,
307 1432 588 1529 xerintrsicque
599 1433 710 1502 ctiam
725 1429 955 1528 pulmonum
969 1433 1212 1530 turgentium
1224 1433 1317 1504 illun

306 1564 500 1644 tumorem
519 1549 728 1648 explicare,
750 1548 863 1646 quasi
879 1573 1006 1622 aerem
1023 1551 1234 1624 extrudere
1254 1577 1320 1622 nor

307 1670 541 1772 potuerint3
572 1667 676 1744 haud
709 1691 942 1767 magnopere
975 1666 1228 1742 adversabor.
1260 1667 1319 1741 Sed

307 1787 507 1892 paralytici
535 1785 711 1884 aliquid,
742 1810 791 1860 an
816 1785 1029 1861 convulsivi
1053 1788 1183 1885 potius
1211 1789 1255 1860 in
1286 1812 1319 1860 co

309 1904 542 2006 excogitabis
553 1929 667 2002 quem
687 1902 758 1977 tibi
775 1905 959 1979 continuo
976 1903 1270 1980 describemus?

359 2023 417 2100 35.
454 2025 522 2095 Vir
551 2023 763 2110 honestus,
791 2021 956 2094 necdum
984 2046 1105 2095 annos
1135 2026 1323 2124 sexaginta

308 2158 436 2228 natus,
453 2143 514 2216 lue
532 2141 624 2214 olim
640 2165 802 2216 venerea
818 2137 997 2231 allectus,
1012 2155 1056 2213 ut
1071 2141 1318 2231 rheumatici,

310 2259 451 2359 quibus
483 2259 767 2356 torquebatur,
803 2257 954 2332 dolores
983 2259 1038 2331 illi
1068 2261 1180 2333 etiam
1215 2285 1326 2333 cause

309 2403 448 2474 magna
475 2405 521 2451 ex
543 2391 649 2475 parte
674 2377 1007 2466 adscriberentur,
1029 2393 1241 2476 postquam
1260 2377 1326 2454 hos

308 2511 397 2571 ante
424 2495 713 2592 quatuordecim
740 2509 811 2572 aut⁴
832 2481 1054 2592 quindecim
1080 2521 1238 2586 annos,
1260 2517 1321 2596 per

312 2611 517 2702 sudorem,
545 2611 666 2686 solitis
683 2613 876 2711 lignorum
897 2611 1195 2686 decoctionibus
1224 2629 1261 2686 et
1277 2614 1323 2686 la·

312 2732 447 2809 conico
476 2745 700 2820 evocatum,
727 2731 959 2828 pervicerat3
987 2731 1144 2828 pinguis
1178 2747 1322 2830 postea,

311 2849 377 2924 sed
389 2851 486 2922 intra
498 2847 678 2934 modum,
696 2863 776 2930 erat
793 2845 932 2937 tactus,
948 2863 1081 2920 ventre
1097 2853 1321 2948 praesertim,

310 2967 490 3054 thorace,
510 2991 590 3040 non
612 2968 663 3040 ita
685 2965 873 3043 cruribus.
895 2971 1004 3044 Hunc
1032 2965 1241 3041 familiares
1254 2971 1322 3042 ani-

311 3085 594 3162 madverterant
605 3083 814 3157 obnoxium
830 3108 902 3182 per
913 3085 1109 3158 intervalla
1129 3111 1214 3159 esse
1225 3089 1321 3175 tussi,

226 3205 231 3218 '
311 3228 389 3301 qua
420 3203 517 3277 nihil
544 3201 846 3299 expectorabat‚
874 3203 964 3274 item
999 3200 1220 3276 difficultati
1252 3207 1323 3278 cui·
1401 3265 1402 3268 ,

246 3413 254 3423 Δ
312 3321 417 3412 ἀειιῐιΙ
446 3321 641 3419 spirandi,
672 3345 693 3389 a
727 3318 813 3392 cibo
846 3321 1096 3417 potissimum.
1138 3327 1321 3397 Caeterum

313 3461 400 3512 cum
422 3439 605 3512 robustus
621 3452 740 3525 esset,
765 3451 802 3510 et
823 3439 971 3536 egregie
996 3437 1122 3510 valere
1144 3441 1322 3514 omnibus
1401 3493 1402 3500 κ

312 3555 528 3641 videretur,
546 3555 620 3626 nisi
634 3553 740 3651 quod
754 3577 834 3627 non
851 3554 903 3628 ita
918 3553 1067 3652 pridem
1075 3557 1209 3628 amieo
1225 3559 1322 3630 dixe·

203 3697 217 3720 ·
313 3689 372 3749 rat
395 3699 433 3746 se
453 3675 573 3771 capite
596 3696 675 3746 esse
696 3669 878 3760 confuso,
894 3675 1115 3771 parcissime
1136 3691 1322 3762 coenatus,

310 3793 385 3866 levi
405 3794 574 3890 primum
594 3791 775 3866 tussicula
800 3806 1003 3889 correptus
1026 3807 1106 3881 est,
1127 3819 1215 3890 quar
1237 3819 1321 3864 mox

312 3911 408 3988 adeo
435 3911 619 3998 increvit,
649 3924 693 3984 ut
719 3925 918 4008 spumante
942 3911 1020 4008 jam
1052 3935 1121 3984 ore
1149 3911 1321 3986 accersiri

311 4030 474 4129 juberet·
497 4028 699 4104 medicum.
732 4029 804 4104 Sed
836 4027 902 4104 hic
927 4045 1123 4104 mortuum
1148 4013 1321 4118 invenit,
