2808 4664
167 458 235 502 sm.
264 458 303 504 11.
333 457 378 504 uc
404 453 895 518 uountsmiona01s,an1sc.
923 462 1019 507 xxm.
1049 439 1118 534 275

120 572 160 640 in
175 571 325 642 sinistro
346 569 486 666 pariter
505 587 619 664 carpo
637 565 891 642 humillimum
911 572 1120 648 infirmissi-

121 711 301 782 mumque
315 709 393 782 esse
409 683 547 756 factum
562 709 771 781 agnoscam.

169 827 204 898 9.
220 802 291 872 Sed
309 817 351 874 ut
374 801 440 874 has
470 801 727 898 singulorum,
753 816 817 872 aut
840 802 986 876 brachii
1010 809 1120 879 etiam

122 921 320 1016 utriusque
331 921 407 990 sive
420 944 440 990 a
453 934 605 1003 natura,
626 920 702 990 sive
715 943 734 988 a
748 919 882 990 morbo
896 927 1122 1018 provenien-

124 1053 181 1108 tes
211 1037 405 1134 asphyxias
432 1037 664 1122 omittamus,
688 1037 855 1134 itemque
877 1039 957 1110 illas
977 1066 1059 1136 quae
1081 1045 1122 1115 in

124 1155 269 1226 arteriis
288 1155 488 1239 omnibuS,
509 1161 765 1250 quascumque
792 1169 944 1252 tangere
964 1175 1123 1254 possunt

123 1271 280 1356 medici,
300 1272 397 1342 circa
420 1269 613 1342 lethalium
635 1270 855 1344 morborum
878 1271 993 1344 finem
1020 1274 1124 1346 haud

124 1411 211 1458 raro
224 1389 332 1458 etiam
347 1387 393 1458 ad
406 1386 564 1458 biduum
578 1441 587 1474 ‚
606 1401 670 1458 aut
688 1387 814 1484 plures
827 1388 905 1460 dies
917 1407 1124 1467 occurrunt

123 1503 222 1578 nihil
239 1503 421 1578 habentes
439 1503 711 1592 admirationiS,
724 1506 864 1602 quippe
877 1531 963 1577 cnm
978 1534 1124 1586 summe

125 1623 336 1716 conjunctae
362 1620 616 1694 deficientium
643 1621 780 1692 virium
807 1624 977 1694 omnium
1004 1626 1125 1720 dejec-

117 1737 247 1823 tione,
261 1751 297 1808 et
310 1757 486 1808 sensuum
501 1731 751 1818 hebetudine3
770 1757 902 1828 magna
916 1750 1015 1806 certe
1029 1736 1123 1808 diffi-

126 1852 244 1924 cultas
262 1866 317 1922 est
331 1851 370 1920 in
384 1848 626 1934 caeterisillis,
641 1847 839 1943 dequibus
856 1873 965 1945 supra
982 1851 1125 1930 dictum

125 1984 204 2056 est,
221 1966 420 2064 asphyxiis.
445 1965 543 2061 AEgri
566 1965 667 2036 enim
688 1966 868 2053 externis,
891 1967 1124 2066 internisque

127 2085 300 2158 sensibus
326 2085 412 2154 satis
439 2083 582 2178 vigent,
603 2081 811 2178 loquuntur
835 2083 1054 2174 commode,
1079 2079 1124 2161 'se

93 2235 97 2240 ·
127 2200 176 2272 de
189 2201 302 2272 latere
314 2201 353 2272 in
367 2200 462 2270 latus
474 2213 699 2268 convertunt
713 2197 778 2295 (t);
792 2201 883 2294 quin
896 2217 1071 2298 prompte
1086 2227 1125 2279 se

129 2317 279 2412 erigunt
296 2314 411 2411 aliqui
427 2313 502 2410 (a),
518 2330 554 2384 et
566 2313 670 2410 quod
694 2329 822 2386 noster
835 2317 927 2390 vidit
938 2322 1124 2404 Ramazzi·

126 2456 199 2510 nus
212 2431 266 2527 (3)
275 2486 285 2518 ‚
294 2431 442 2526 juvenis
455 2430 607 2528 quidam
622 2430 813 2521 Hebraeus,
827 2436 887 2504 eui
900 2435 946 2506 ad
959 2452 1124 2532 quatuor

128 2549 207 2621 dies
215 2547 349 2623 nullibi
358 2553 509 2618 acten'oe
524 2550 724 2636 micabant,
742 2550 838 2622 adeo
858 2555 1127 2634 robustus'erot

126 2664 237 2738 etad
252 2680 393 2736 motum
409 2663 622 2762 expeditas,
640 2672 802 2738 ucetiam
814 2673 896 2766 ipsa
916 2669 996 2758 die,
1018 2695 1123 2767 quac

126 2790 298 2858 vivorum
311 2787 471 2856 statione
482 2782 643 2870 decessit,
660 2809 681 2854 e
699 2784 834 2858 lectulo
850 2793 1068 2874 surrexerit,
1087 2803 1125 2861 et

125 2925 213 2972 suas
225 2913 343 2972 vestes
361 2897 531 2970 induerit.
555 2905 688 2972 Fuerat
703 2902 733 2973 is
752 2903 904 2998 quidem
921 2927 965 2972 eo
981 2907 1122 2998 quatri-

126 3018 204 3090 duo
217 3031 320 3088 nitus
332 3015 498 3113 gelidus,
517 3041 587 3088 nec
601 3019 717 3086 urinae
729 3017 936 3114 quidquam
952 3019 1124 3104 reddide-

125 3149 192 3209 rat.
222 3133 295 3206 Sed
331 3130 673 3231 perfrigerationes,
707 3149 744 3204 et
774 3133 944 3204 ischuriae
977 3137 1121 3212 renales

126 3266 232 3328 erant
243 3251 410 3348 alioquin
428 3251 502 3322 illis
519 3251 558 3320 in
576 3251 722 3347 aegrotis
735 3253 1068 3352 satisfrequentes(
1095 3256 1119 3351 l:

125 3383 374 3466 pennasque,
397 3369 469 3442 nisi
489 3364 584 3442 forte
605 3369 706 3443 'circa
731 3367 914 3465 asphyuiae
929 3366 1062 3460 finem,
1081 3374 1125 3450 in

227 3883 352 3942 Constit.
371 3881 449 3956 epid.
465 3898 512 3936 an.
527 3880 600 3960 1692
613 3893 642 3938 et
657 3903 718 3959 seq.
728 3905 757 3944 n.
772 3887 818 3954 πᾷ.

226 3983 303 4040 lbid.
318 4001 348 4038 n.
363 3979 410 4038 53.
