2816 4668
317 459 388 546 418
485 481 531 526 na
558 477 705 527 seorsus
730 477 775 526 ar
801 477 926 527 causis
952 479 1165 532 nonnonun

317 595 575 692 absumptam,
597 592 740 663 alicubi
759 617 891 665 revera
909 617 1124 686 corrosam,
1143 615 1184 671 et
1210 623 1283 672 cor
1299 627 1337 673 ea

308 719 462 813 privum
478 713 705 782 invenerint.
722 711 900 782 Valsalvae
918 729 1042 784 autem
1056 769 1065 802 ,
1080 731 1117 786 et
1136 716 1337 790 Albertino

314 830 419 902 haud
446 845 556 901 erant
585 829 773 926 ejusmodi
802 833 1069 904 concretiones
1095 834 1252 930 ignotae.
1284 842 1338 907 Ea

307 949 408 1021 alias
435 950 504 1020 alia
532 950 797 1035 mentiuntur,
823 949 863 1017 in
888 949 949 1020 his
973 951 1279 1048 pinguedinem,
1306 969 1336 1026 et

313 1067 644 1164 villos,pilosque,
661 1066 716 1137 uti
727 1065 989 1164 superioribus
1002 1067 1209 1166 litteris(1)
1221 1073 1335 1169 scrip

1402 969 1404 1118 i

313 1190 440 1261 simus.
460 1189 593 1283 ltaque
610 1184 865 1255 assentionem
880 1179 1148 1275 sustinuimus,
1165 1215 1260 1260 cum
1279 1189 1334 1260 ali·
1403 1231 1404 1260 i

286 1304 468 1405 =quando
494 1303 741 1389 audiremus,
768 1302 808 1372 in
833 1301 1000 1400 quodam
1027 1309 1088 1374 cui
1116 1308 1333 1402 permolesti

310 1423 468 1495 {nerant
487 1421 613 1494 cordis
630 1443 815 1518 angores,
830 1435 966 1518 proeter
991 1423 1255 1518 pericardium
1277 1423 1332 1494 fla·

310 1545 461 1616 sissima
488 1563 587 1638 aqua
612 1540 801 1639 plenum,
833 1563 989 1610 omnem
1019 1540 1149 1614 cordis
1180 1544 1333 1640 pingue-

311 1663 441 1735 dinem
466 1659 530 1731 hic
554 1658 630 1728 illic
655 1671 844 1755 repertam
868 1681 970 1745 esse,
989 1661 1097 1754 quasi
1126 1661 1332 1732 amun'bus

313 1805 471 1854 exesam.
495 1777 614 1850 Nobis
635 1777 736 1846 enim
759 1788 870 1847 antea
893 1797 932 1846 se
953 1797 990 1848 se
1015 1774 1222 1850 obtulerat
1243 1780 1330 1874 ejus-

312 1897 508 1971 demmodi
522 1897 666 1994 species
676 1890 716 1964 in
732 1894 861 1966 vetulo
875 1891 1005 1982 milite,
1016 1893 1063 1964 de
1078 1919 1160 1991 quo
1175 1897 1270 1968 alias
1281 1895 1328 1994 (a)

312 2015 359 2089 ad
378 2033 414 2088 te
429 2013 659 2100 scribemus,
675 2035 746 2083 nec
759 2013 859 2110 passi
876 2032 1025 2084 eramus
1038 2025 1081 2082 ut
1092 2013 1324 2111 imponeret:

311 2136 416 2234 quod
449 2157 573 2229 neque
604 2131 649 2200 ol.
681 2129 930 2202 Schneiberus
964 2142 1020 2202 est
1048 2153 1221 2228 passus,
1251 2157 1325 2204 cun

309 2269 514 2354 postquam
532 2252 571 2320 in
588 2249 878 2335 observatione,
900 2270 1015 2360 quam
1036 2249 1127 2319 alias
1151 2249 1212 2346 (3)
1233 2265 1325 2321 retu·

309 2374 439 2458 limus,
452 2369 589 2440 diserte
608 2365 881 2455 admonuerat,
898 2365 1063 2438 exterius
1084 2367 1198 2438 cordi
1219 2366 1325 2440 undi-

314 2514 390 2586 que
410 2487 645 2557 adhaerentes
665 2484 770 2558 villos
795 2507 972 2580 tnagnoS,
988 2483 1122 2580 longos
1140 2482 1324 2584 latosque,

311 2609 423 2705 quasi
436 2607 559 2674 carnis
561 2603 745 2698 fungosae
760 2619 901 2674 tenerae
902 2655 986 2672 .......
991 2627 1011 2672 e
1027 2624 1110 2673 sero
1139 2609 1325 2702 sanguinis

301 2727 476 2818 fiumort'
498 2726 598 2790 intro
614 2719 870 2818 pericardium
895 2733 1116 2816 stagnante,
1149 2722 1324 2821 imagines

312 2837 458 2912 addidit
487 2838 711 2909 villosorum
750 2838 923 2910 cordium
956 2837 1246 2913 accuratissime
1272 2865 1323 2911 ex·

311 2977 481 3058 pressas,
502 2981 597 3053 quas
621 2957 653 3026 si
677 2957 761 3052 quis
785 2953 959 3054 inspiciat
988 2979 1118 3026 rerum
1150 2959 1322 3055 ignarus,

312 3077 497 3150 continuo
523 3073 704 3170 deceptus
730 3075 887 3145 minime
903 3073 1071 3161 dubitet,
1097 3073 1197 3171 quin
1222 3074 1321 3148 corda

313 3206 618 3292 repraesentent,
653 3213 817 3289 quorum
851 3191 1079 3290 pinguedo,
1115 3209 1156 3264 et
1188 3194 1321 3291 reliqua

313 3309 531 3410 superficies
549 3311 685 3407 passim
706 3307 848 3382 fuerint
868 3307 1158 3382 corrosionibus
1176 3310 1320 3408 probin-

310 3428 399 3499 dius
416 3449 542 3498 exesae.
563 3429 662 3498 Num
679 3448 770 3499 vero
791 3427 1030 3526 Sepulehteti
1051 3427 1153 3498 libro
1171 3430 1222 3500 11.
1245 3441 1317 3501 sect

311 3550 357 3618 ΙΙ.
375 3544 465 3617 Obs.
487 3548 553 3614 III.
571 3546 706 3615 extima
716 3545 844 3617 cordis
861 3543 1088 3644 facies,quoe
1099 3545 1318 3618 describitur
