2800 4674
199 483 267 530 ΗΒ.
295 481 336 528 11.
364 481 411 542 DE
437 477 573 527 MORBIS
601 475 798 542 THORAClS,
823 477 935 525 EPIST.
959 478 1048 525 xxtt.
1081 480 1147 556 179

139 598 323 668 aliosesse
331 593 549 693 Hippocrati
557 589 785 690 phthisicos,
797 590 890 662 alios
903 596 1149 690 suppuratos,

141 713 237 786 illud
268 709 466 784 manifesto
488 724 692 796 monstrat,
725 707 830 805 quod
856 708 969 806 paulo
993 727 1079 782 ante
1095 711 1149 806 (Ι)

143 829 257 920 dixit,
285 843 512 930 suppuratus
542 853 590 898 eac
616 827 673 896 his
694 825 831 897 tabidis
860 832 934 898 sive
952 829 1151 924 phthisicis

140 975 264 1048 groecc
276 948 478 1048 appellatis
485 1002 496 1034 ,
503 949 613 1044 ficri,
632 947 698 1016 ubi
708 969 843 1042 corpus
855 945 1057 1016 humectatis
1058 950 1152 1038 sac-

144 1070 368 1158 tumfuerit:
382 1081 419 1136 et
429 1079 561 1135 contra
577 1064 644 1133 ubi
656 1064 1090 1156 sicciussueritfactnm,
1104 1090 1152 1136 ex

144 1190 363 1283 suppuratis
379 1181 537 1253 tabidos.

194 1303 251 1374 30.
271 1306 414 1374 Verum
434 1315 476 1371 ut
497 1299 652 1370 adeum
682 1323 798 1396 aquo
823 1297 892 1369 tihi
916 1296 1071 1371 fortasse
1096 1299 1152 1370 di·
1191 1367 1194 1375 .

143 1436 293 1516 gressus·
302 1418 448 1504 videor,
461 1441 674 1490 sermonem
689 1415 858 1502 redeam3
875 1417 1051 1515 intelligis
1065 1442 1154 1516 pre-

144 1534 242 1608 fecto
252 1591 261 1624 ,
273 1541 388 1632 quam
399 1533 505 1606 laeile
517 1538 662 1632 possint
671 1533 845 1606 homines
858 1533 983 1632 decipi
997 1537 1036 1606 in
1051 1551 1155 1608 tanta

143 1654 348 1752 aliquando
373 1655 480 1752 puris
496 1651 726 1751 agnoscendi
750 1651 1022 1749 judicandique
1054 1653 1155 1724 diffi-

146 1771 302 1860 cultate,
323 1787 366 1842 ut
390 1772 534 1840 etiamsi
554 1767 716 1866 phthisis
741 1771 877 1838 nonin
902 1755 979 1838 sola
1005 1771 1168 1867 pulmo-¹

143 1915 238 1962 num
247 1889 373 1959 abdita
388 1883 756 1973 exulceratione,sed
770 1901 806 1956 et
818 1887 857 1954 in
871 1887 976 1983 puris
990 1887 1156 1960 evidenti

146 2031 217 2106 per
237 2019 346 2103 sputa
371 2003 674 2102 expectoratione
698 2007 901 2091 statuatur3
929 2019 1056 2074 tamen
1083 2004 1158 2076 'sibi

147 2123 342 2194 interdum
358 2121 558 2192 videantur
577 2121 661 2216 jure
678 2119 849 2207 credere,
876 2146 958 2194 eam
975 2121 1159 2219 phthisim

149 2238 282 2330 fuisse,
300 2265 383 2337 quae
398 2263 476 2310 non
492 2235 614 2310 fuerit.
633 2237 745 2328 Quod
760 2239 810 2309 ita
827 2237 933 2328 dice,
948 2255 991 2310 ut
1008 2265 1086 2310 non
1104 2257 1160 2312 ta-

149 2383 239 2430 men
251 2382 361 2429 veros
371 2356 581 2455 phthisicos
591 2380 871 2454 nonnunquam
885 2374 1034 2429 sanatos
1047 2355 1160 2431 luisse

146 2501 300 2574 negem,
317 2476 416 2546 inter
432 2475 537 2546 initia
550 2475 773 2571 praesertim3
786 2490 823 2545 et
833 2500 929 2572 pure
945 2501 1023 2548 non
1037 2479 1158 2548 multo

147 2594 202 2668 ibi
220 2593 399 2680 collecto,
418 2592 521 2663 unde
534 2609 726 2690 apertum,
743 2575 967 2692 facilemque
983 2596 1023 2663 in
1044 2594 1159 2666 bron·

148 2713 235 2788 chia
246 2711 389 2783 aditum
404 2709 571 2782 haberet.
590 2710 662 2782 Sed
680 2713 799 2782 rarius
813 2710 852 2781 id
870 2708 1010 2784 sactum
1024 2737 1159 2786 censeo

147 2855 263 2930 quam
295 2828 349 2900 illi
381 2829 593 2900 existimant
618 2830 684 2925 qui
711 2829 866 2899 minime
896 2831 1040 2928 experti
1073 2843 1163 2902 sunt

149 2961 291 3046 quanta
311 2944 448 3018 medici
478 2945 693 3041 diligentia,
719 2961 756 3017 et
781 2961 923 3042 quanta
945 2947 1057 3016 simul
1074 2949 1163 3042 aegri

152 3065 367 3138 obedientia
388 3064 604 3160 requiratur
625 3063 684 3132 vel
702 3062 749 3133 ad
770 3088 830 3134 eas
847 3062 1033 3134 tollendas
1050 3061 1161 3136 affec·

150 3187 294 3274 tiones,
313 3207 395 3283 quae
416 3181 570 3256 fortasse
585 3209 672 3254 vera
689 3182 851 3280 phthisis
868 3210 947 3255 non
968 3201 1076 3274 sunt,
1094 3189 1163 3258 etsi

151 3305 247 3400 ejus,
269 3301 373 3400 quod
387 3301 435 3372 ad
452 3303 634 3400 pleraque
650 3303 800 3391 attinet,
819 3303 1164 3420 consimillimae‘vi-

152 3419 321 3492 deantur.
354 3420 565 3510 Quamdam
596 3420 825 3516 ejuscemodi
851 3420 919 3491 tibi
944 3421 1164 3496 ¹describere

151 3535 215 3610 hic
232 3540 374 3636 placet,
389 3553 431 3610 ut
444 3540 474 3610 si
488 3539 764 3636 minuspossim
779 3539 818 3607 in
830 3539 887 3610 his
898 3538 1049 3623 litteris,
1065 3565 1163 3607 mor-

151 3668 327 3745 tuorum,
343 3671 385 3728 ut
402 3657 525 3744 solen,
553 3655 841 3764 disseqtionibus
868 3653 1094 3743 satisfacere,
1127 3671 1164 3727 at

194 4003 239 4084 (ι)
261 4008 300 4066 Ν·
319 4025 367 4081 ²7·
