2820 4668
343 425 416 517 540·
508 445 555 500 ur
581 447 729 502 seorsus
754 447 798 500 rr
823 451 946 501 οιιιειε
973 449 1179 504 morsuum(

342 568 426 640 fieri
443 591 646 665 agnoscere
669 567 822 665 quidem
845 591 1018 665 possum;
1034 567 1128 658 hoc,
1142 571 1207 642 nisi
1220 572 1305 641 inter·

343 686 455 773 dum,
470 711 547 757 non
569 709 732 783 possum.
752 689 798 755 Et
818 685 1017 782 sanequid
1036 687 1204 785 estquod
1223 689 1305 783 majo·

343 829 404 875 res
418 804 462 900 (r)
478 820 590 876 aortae
608 804 744 890 basim,
763 805 802 874 in
823 803 957 876 vetulis
977 806 1096 877 cervis
1116 805 1304 890 induratam,

345 946 388 994 os
411 923 709 994 constantissime
728 923 964 1008 vocaverint,
989 937 1053 993 aut
1076 922 1178 1020 quod
1199 927 1305 1018 lngus·

347 1042 418 1112 sias
434 1040 488 1137 (ι)
505 1040 674 1111 eamdem
693 1041 732 1110 in
752 1039 850 1110 bove
864 1063 1084 1112 conversam
1099 1043 1139 1112 in
1153 1043 1306 1137 exquisitis

346 1164 479 1230 simum
496 1181 538 1228 os
552 1159 744 1230 invenisse·
759 1181 797 1230 se
814 1158 979 1230 dixerit?
995 1162 1097 1230 Num
1118 1157 1306 1242 Aristoteles,

261 1307 264 1313 ¹
348 1275 529 1362 Galenus,
545 1275 684 1371 aliique
698 1277 992 1350 exercitatissimi
1011 1272 1307 1361 anatomicimedi·

349 1417 430 1466 cam
450 1392 753 1491 pharmacopolae
768 1393 861 1492 ipsi,
880 1395 948 1491 qui
966 1418 1036 1493 per
1048 1409 1110 1494 tot
1124 1388 1307 1466 saeeutatttut

350 1535 392 1582 os
421 1510 581 1583 subinde
605 1512 645 1582 in
676 1511 828 1584 scobem
858 1512 1032 1610 redigere
1060 1522 1308 1592 consueverunt,

349 1628 577 1726 tophaceum
603 1629 651 1700 ab
683 1653 793 1702 osseo
825 1631 1085 1702 internoscere
1113 1624 1309 1700 nesciebant?

349 1751 444 1833 Aut,
465 1748 558 1844 quid
577 1763 652 1836 est,
671 1748 775 1845 quod
791 1748 857 1819 ubi
870 1749 944 1820 istae
959 1749 998 1818 in
1014 1763 1121 1820 aorta
1133 1742 1309 1830 lamellae,si·

352 1867 431 1938 mul
450 1889 604 1963 quoque
624 1867 663 1935 in
683 1865 821 1938 iisdem
841 1865 1067 1964 corporibus
1091 1866 1168 1936 aliae
1189 1859 1309 1962 partesiu
1355 1873 1356 1932 ἶ

352 2007 484 2060 ¹verum
510 2008 553 2056 os
569 1999 719 2055 mutatae
737 2008 995 2083 sepenumero
1013 1976 1310 2054 inveniunturtsic
1355 2043 1356 2054 ,

353 2103 598 2176 Vieussenius
617 2102 675 2200 (3)
693 2126 766 2200 qua
785 2109 824 2172 in
843 2119 1013 2174 matrona
1030 2117 1089 2173 tot
1104 2101 1242 2172 arterias
1253 2116 1310 2167 enu-

354 2237 474 2292 meret
500 2243 635 2319 magna
658 2241 830 2318 exparte
857 2245 981 2292 osseas
1010 2217 1146 2308 factas,
1171 2221 1206 2289 in
1226 2212 1310 2286 eaden

356 2341 467 2410 etiam
488 2340 651 2410 annulos
674 2338 960 2439 bronclriorum¹
978 2337 1093 2410 fuisse
1118 2350 1234 2408 narrat
1247 2334 1274 2400 in
1287 2349 1311 2396 os
1355 2369 1356 2430 3

250 2497 254 2518 ,-
358 2474 571 2528 conversos.
585 2443 1311 2555 Idemque‚epistolasnostrasrelegenslll

356 2573 478 2660 visum
494 2597 515 2642 a
532 2571 644 2644 nobis
663 2575 828 2672 reperies
846 2575 886 2644 in
906 2572 1075 2666 duobus,
1093 2575 1134 2644 in
1156 2569 1310 2669 quihusoe
1355 2655 1356 2664 ἵ

359 2713 439 2763 seas
458 2689 625 2762 lamellas
642 2690 776 2762 habuit
793 2693 928 2763 arteria
941 2715 1088 2788 magna.
1109 2694 1154 2760 In
1168 2688 1311 2759 his-aum

359 2809 450 2906 ipsis
462 2797 595 2881 litteris
612 2808 671 2906 (5)
688 2809 825 2882 mulier
844 2809 907 2881 illa
924 2809 1114 2905 descripta
1133 2820 1204 2893 est,
1219 2823 1277 2899 que
1285 2793 1312 2863 si·
1355 2831 1356 2860 2

277 2990 279 2996 ,
359 2929 441 2998 mul
450 2929 488 2998 in
504 2930 650 3000 arteriis
665 2927 703 2999 id
718 2929 799 3000 vitii
811 2928 995 3016 ostendit,
1008 2927 1120 2999 simul
1136 2949 1177 2996 os
1191 2925 1224 2992 in
1234 2909 1313 2990 cordis
1355 2933 1356 2938 ’

361 3047 569 3120 substantia
587 3063 623 3118 et
644 3048 734 3118 novi
753 3048 849 3118 ossis
865 3045 1120 3118 additamenta
1142 3047 1180 3113 in
1200 3028 1312 3110 calvare

359 3163 453 3236 facie
472 3165 663 3236 interiore.
679 3165 822 3236 Omitto
842 3165 962 3236 sciens
975 3185 1075 3234 meas
1090 3161 1179 3231 alias
1194 3155 1254 3224 hue
1264 3141 1313 3216 atti·

362 3297 496 3354 nentes
528 3282 831 3372 observationes,
858 3283 899 3353 in
929 3281 1049 3378 iisque
1085 3279 1236 3374 aliquas,
1259 3261 1314 3334 oliu

361 3451 1315 3500 M

468 3823 566 3880 Traite
579 3822 621 3879 du
637 3841 732 3894 eoeur,
749 3823 795 3879 ch.
811 3822 857 3878 16.

468 3925 540 3994 VII,
555 3942 585 3978 ιι.
602 3943 656 3994 ιι,
673 3935 703 3979 et
713 3923 827 3993 XXIV,
841 3938 871 3978 n.
891 3921 936 3978 16.
