2808 4664
297 451 366 540 284
459 475 505 524 nn
532 471 676 554 sentens
702 473 745 521 cr
771 470 894 521 crusis
920 470 1132 522 nonnosum

295 613 382 660 nem
403 589 512 660 etiam
527 587 646 658 multo
664 586 761 657 infra
774 585 896 656 cordis
916 587 1107 682 regionem
1124 585 1302 682 produci,

293 721 334 776 ut
348 706 537 777 seniorum
550 705 659 775 alicui
673 705 793 776 visum
807 719 902 787 erat,
916 704 984 774 etsi
1001 705 1079 800 ipse
1098 705 1300 799 percipere

293 823 380 894 satis
393 847 470 892 non
489 823 616 919 potui;
636 837 760 892 tamen
771 821 954 891 hactenus
969 821 1086 907 sensi,
1103 835 1145 890 ut
1160 835 1299 916 praeter

293 941 553 1010 concretiones
572 939 787 1036 polyposas,
806 953 842 1008 et
861 938 1007 1034 copiam
1020 961 1123 1034 aquae
1138 938 1176 1005 in
1195 937 1298 1032 peri-

293 1055 440 1140 cardio,
460 1081 541 1152 quae
554 1079 700 1128 eramus
711 1069 818 1126 antea
836 1055 1024 1152 suspicati,
1042 1068 1155 1125 auctae
1168 1053 1296 1124 cordis

189 1261 192 1268 Ι
291 1171 560 1268 magnitudinis
588 1174 840 1270 suspicionem
876 1170 1095 1241 addiderim.
1125 1171 1294 1240 Omnino

291 1310 358 1356 cor
372 1287 542 1358 laborare
557 1288 773 1376 videbatur3
797 1305 832 1360 et
850 1289 1019 1359 cardiace
1038 1311 1121 1385 quae
1138 1303 1292 1375 vocant,

289 1403 454 1474 remedia
470 1407 548 1501 ipse
567 1403 755 1502 flagitabat
767 1429 873 1502 aeger.
888 1406 1053 1476 Tandem
1067 1419 1223 1489 octava,
1243 1429 1290 1474 an

190 1543 192 1548 ·
289 1545 391 1590 nona
412 1547 456 1592 ex
469 1546 546 1618 quo
560 1537 711 1593 venerat
730 1522 808 1611 die,
821 1523 865 1594 iis
880 1547 962 1619 quae
980 1522 1079 1593 dicta
1101 1537 1192 1592 sunt
1219 1546 1292 1592 ma·

289 1637 484 1726 uentibuS,
498 1664 583 1709 cum
601 1655 795 1710 excoctum
817 1665 993 1736 pomum,
1011 1623 1153 1736 quippe
1169 1638 1291 1733 dejec·

287 1769 328 1825 to
346 1756 421 1850 jam
436 1758 622 1854 appetitu,
637 1755 731 1828 forte
746 1758 979 1844 comederet,
996 1781 1038 1826 ac
1053 1771 1291 1826 transeuntes

288 1872 502 1961 salutasset,
522 1899 609 1943 mox
619 1891 773 1971 repente
787 1929 796 1958 ,
819 1899 975 1971 pomum
986 1871 1110 1943 adhuc
1122 1873 1163 1941 in
1177 1897 1290 1942 manu

287 1987 452 2078 habens,
477 2005 650 2061 mortuus
675 2006 754 2061 est:
775 1990 878 2086 quod
902 2015 988 2062 sane
1007 2043 1017 2078 ,
1035 1995 1082 2059 ut·
1103 1991 1224 2076 nosti,
1248 1991 1293 2059 iis

285 2107 476 2194 accidere,
495 2110 641 2206 scripsit
654 2109 899 2206 Hippocrates
911 2107 979 2203 (1),
994 2108 1060 2204 qui
1069 2131 1174 2206 soepe
1189 2123 1289 2180 etue

285 2223 473 2294 dementer
486 2229 564 2295 sine
582 2228 781 2316 manifesta
798 2251 912 2296 causa
929 2231 1055 2295 animo
1075 2223 1290 2322 relinquun-

286 2355 354 2409 tur.

273 2541 274 2544 Ἴ
334 2457 521 2528 Cadavere
550 2460 710 2530 exterius
736 2459 799 2528 hic
825 2460 921 2547 illic,
942 2459 1007 2530 sed
1025 2458 1119 2529 facie
1137 2441 1290 2556 p'raeser·

282 2574 369 2661 tim,
387 2573 519 2663 livid0,
531 2576 683 2673 adiposa
692 2591 817 2647 autem
831 2575 1049 2647 membrana
1063 2575 1287 2648 flavescente

283 2689 504 2780 observatis,
520 2692 713 2764 thoracem
738 2695 972 2792 aperuimus,
993 2709 1030 2765 et
1053 2693 1100 2764 ad
1121 2695 1285 2790 pericar-

282 2807 386 2880 dium
413 2813 708 2907 properavimus.
736 2812 899 2882 Plurima
921 2812 960 2880 in
979 2811 1054 2882 hoc
1077 2809 1149 2881 fuit
1171 2836 1286 2908 aqua,

282 2951 400 3023 eaque
419 2925 603 2998 subflavo:
623 2952 689 2998 cor
710 2944 834 3000 autem
853 2954 898 3000 ex
915 2928 1059 3025 magnis
1079 2952 1163 3024 quae
1189 2928 1287 2998 vide-

279 3044 373 3131 rim,
387 3045 543 3142 ejusque
563 3045 754 3142 pinguedo
773 3043 870 3116 foeda
884 3045 976 3116 visu.
996 3043 1190 3147 Polyposae
1206 3046 1285 3115 ine·

279 3177 365 3231 rant
378 3163 638 3233 concretiones
656 3177 731 3234 tres
747 3189 790 3234 ex
801 3162 1022 3234 flavescente
1038 3163 1144 3260 quasi
1157 3187 1284 3248 muco,

280 3277 345 3348 sed
371 3303 450 3347 non
477 3280 525 3349 ita
554 3279 680 3368 molli,
707 3295 927 3378 compactae,
948 3281 1108 3350 maxima
1128 3279 1282 3376 quidem

278 3394 317 3462 in
335 3394 502 3464 auricula
514 3395 682 3484 dextera,
698 3398 736 3467 in
751 3396 970 3468 ventriculis
984 3397 1158 3493 reliquae,
1174 3423 1219 3468 ex
1229 3398 1285 3467 iis·

279 3535 353 3606 que
368 3511 483 3582 altera
497 3513 536 3583 in
556 3514 840 3610 pulmonarem,
858 3513 972 3584 altera
988 3513 1028 3582 in
1040 3537 1218 3609 magnam
1229 3537 1281 3582 ar·

276 3627 408 3698 teriam
430 3629 641 3725 productae,
656 3646 698 3702 ut
715 3630 818 3702 nulla
838 3629 995 3700 omnino
1013 3627 1127 3700 fuerit
1139 3645 1282 3702 nostra-

313 3994 355 4070 (ι)
377 3999 407 4054 8.
423 4017 455 4069 a,
472 4000 540 4073 aph.
561 4005 608 4064 [μ.
