2808 4664
133 475 199 520 rm.
231 471 270 516 u.
299 471 349 520 on
373 467 510 518 morsis
535 463 731 530 ruentem,
756 467 867 514 srrsr.
891 471 994 516 xxnr.
1025 449 1094 521 223

87 588 229 685 perisse
244 584 387 658 sedicit
402 611 409 653 :
425 583 491 680 qui
508 583 569 668 sit,
582 595 623 652 ut
636 574 829 667 credebat,
840 605 1096 681 scepenumero

86 729 149 775 cor
165 702 410 790 arroderent3
430 725 509 770 non
529 701 609 796 ipse
628 697 760 785 modo,
781 699 845 770 sed
861 715 898 770 et
916 703 977 772 alii
998 706 1096 774 intra

84 820 337 920 pericardium
350 815 698 915 deprehendissent.
710 816 888 887 Secundae
899 833 1022 891 antem
1035 821 1098 893 ob·

83 939 305 1011 servationis
318 935 372 1035 (1)
386 959 555 1006 'vermem
576 937 606 1006 si
623 932 718 1006 forte
741 936 808 1032 qui
825 936 1007 1026 viderint,
1032 956 1096 1012 aut

83 1058 216 1154 quoin
236 1056 411 1154 principe
432 1069 469 1128 et
488 1053 644 1150 quando
667 1053 846 1142 viderint,
870 1060 1021 1150 quatris3
1047 1081 1094 1129 ne

81 1177 157 1273 ipse
180 1174 338 1271 quidem
362 1171 638 1244 observationis
660 1173 823 1270 scriptor
846 1173 924 1244 haec
947 1160 1095 1248 videtur

82 1293 238 1364 scivisse.
254 1293 378 1362 Tertia
387 1290 400 1374 (
404 1289 500 1386 2)erc
515 1293 566 1360 M.
576 1295 614 1361 S.
631 1291 797 1362 Stockert'
808 1305 880 1379 est,
892 1293 959 1388 qui
970 1307 1096 1365 tamen

82 1433 143 1480 eos
151 1409 380 1482 vermiculos
392 1433 413 1480 a
426 1433 465 1480 se
475 1400 699 1506 conspectos
709 1433 788 1478 non
802 1407 902 1479 dicit.
917 1409 1096 1482 Ultimum

82 1526 243 1624 denique
258 1527 313 1624 (3)
328 1542 370 1598 ut
386 1542 505 1598 totam
523 1527 647 1625 legere
665 1529 874 1625 possimus,
897 1526 943 1598 ad
959 1532 1093 1600 sectio-

81 1667 167 1716 nem
182 1648 224 1714 X'
236 1645 439 1740 rejicimur.
457 1650 601 1716 Verum
616 1658 819 1740 postquam
838 1646 917 1738 ejus
939 1648 1093 1743 paginas

81 1777 291 1850 versantes,
307 1761 406 1833 hanc
418 1763 459 1832 in
474 1763 555 1858 ipsa
568 1785 648 1831 esse
656 1763 735 1846 VII,
750 1759 1058 1852 observationis§
1074 1789 1087 1833 r

79 1880 322 1975 agnovimus;
341 1902 467 1973 neque
480 1901 564 1946 eam
577 1899 734 1972 prorsus
749 1875 958 1973 intelligere
973 1876 1024 1948 Ob
1036 1895 1093 1974 ty·

78 1995 270 2093 pographi
292 1995 550 2084 oscitantiam,
576 2017 704 2090 neque
722 1991 772 2062 ob
798 1992 968 2088 ejusdem
988 1997 1095 2066 ineu*

76 2113 171 2181 riam
189 2114 231 2181 in
248 2137 302 2182 ,eo
325 2135 529 2210 possumus
549 2113 718 2182 invenire
741 2135 786 2182 cx
811 2110 1095 2210 quo-descripta
1199 2173 1203 2182 .

74 2252 154 2300 esse
172 2227 327 2320 dicitur,
344 2231 471 2302 Zacuti
484 2228 544 2300 lib.
563 2231 729 2326 ij..prux.
753 2227 887 2300 admir.
904 2234 1092 2326 cap.'CX‚·

79 2347 255 2416 estenim
268 2345 330 2417 lib.
346 2352 362 2416 Ι
376 2371 455 2444 cap.
474 2349 671 2420 CXXXIX.
684 2345 817 2415 Inhoc
827 2349 1016 2418 autemait
1026 2353 1092 2420 Za-

80 2475 209 2548 cutns,
227 2473 396 2535 vermem
412 2461 525 2536 fuisse
549 2477 756 2550 mortuum,
776 2469 938 2558 nigrum,
958 2471 1093 2537 cimicis

80 2581 368 2673 magnisurma:
385 2579 710 2678 quemadmodum
723 2581 763 2649 in
782 2581 956 2678 proximo
970 2585 1090 2681 capite

80 2695 257 2768 describit
281 2698 521 2794 anguiculum
542 2699 583 2766 in
612 2697 726 2779 corde
757 2697 884 2768 altero.
915 2703 1089 2788 Quorum

80 2811 181 2882 hunc
193 2866 203 2901 ,
214 2814 327 2884 sicuti
346 2839 391 2884 ex
402 2813 657 2910 descriptione
671 2815 751 2910 ipsa
763 2813 983 2912 polyposam
1003 2842 1090 2888 con-

82 2932 287 3002 cretionem
301 2929 413 3004 fuisse
430 2931 939 3028 intelliges‚enguiformem;
955 2935 1005 3002 ita
1022 2936 1088 3004 ali·

81 3047 171 3142 quid
188 3048 377 3144 ejusmodi
396 3047 502 3146 qnod
526 3051 678 3146 nigrum
698 3073 953 3146 magnumque
982 3052 1088 3121 cimi-

83 3187 161 3236 cem
178 3163 334 3256 referret
355 3165 490 3237 intimo
507 3166 706 3238 ventriculi
721 3165 845 3235 cordis
866 3167 999 3264 parieti
1022 3169 1088 3239 ad-

83 3273 284 3358 haerentem
293 3339 304 3372 ,
320 3309 471 3355 mecum
486 3281 592 3354 facile
603 3281 867 3380 suspicaberis,
882 3288 1087 3382 praesertim

83 3416 283 3499 postquam
299 3402 388 3474 alias
399 3401 487 3473 alibi
497 3400 551 3498 (Δ)
566 3403 837 3473 examinaveris
849 3400 962 3497 hujus
975 3431 1086 3501 gene-

190 3745 226 3802 19
240 3738 311 3784 sect.
324 3723 380 3782 hac
391 3724 428 3798 8,
441 3726 504 3782 obs.
522 3723 577 3795 25,
597 3729 612 3796 ς
629 3746 653 3782 1.

189 3827 269 3884 Ibid.
285 3831 301 3896 ς
320 3844 348 3881 a.
