2808 4664
802 329 809 374 l

263 438 333 520 214
381 489 385 500 .
429 457 475 500 DE
502 451 647 500 SEDIBUS
673 452 716 498 ET
742 449 864 498 CAUSIS
891 451 1101 500 Monsonutt

262 572 368 642 culus
395 593 570 666 quoque,
588 569 628 636 in
653 591 691 636 se
716 579 943 638 contractus.
972 569 1112 638 Uterus
1141 581 1279 638 nartem

261 686 421 759 fundum
446 683 608 756 habebat
623 680 739 754 ferme
755 697 877 754 totum
893 683 996 754 intus
1012 709 1055 754 ex
1075 683 1279 756 subrubro

262 819 404 891 atrum,
425 817 466 874 ut
491 825 687 898 gangrena
704 798 842 871 allectae
859 815 988 897 partes
1006 801 1148 890 solent,
1165 827 1279 872 eorn-

262 923 425 1017 demque
447 917 689 1016 inaequalem,
707 919 911 1015 praesertim
928 917 1092 1014 quodam
1112 920 1151 987 in
1169 918 1276 1005 loco,

263 1040 331 1114 ubi
350 1035 571 1133 superficies
591 1037 629 1110 iu
651 1045 803 1134 parvam
832 1033 1093 1132 humilemque
1121 1061 1276 1108 excres-

266 1158 427 1228 centiam
448 1180 485 1230 se
503 1153 703 1248 attollebat.
723 1153 813 1248 Ejus
829 1153 927 1224 tubae
945 1155 1045 1224 circa
1064 1153 1277 1252 longitudi-

265 1275 325 1346 nis
348 1273 512 1344 medium
536 1295 692 1369 prorsus
708 1271 906 1366 imperviae.
926 1275 970 1340 ln
986 1269 1162 1359 thorace,
1183 1297 1275 1369 prae-

215 1409 218 1412 ·
264 1389 490 1462 teralbidas
518 1387 706 1460 interioris
734 1404 846 1458 aortae
874 1388 1055 1474 maculas,
1083 1404 1121 1460 et
1147 1411 1275 1462 osseas

265 1507 471 1578 nonnullas
482 1485 715 1602 squamam,
728 1505 822 1578 illud
833 1507 992 1576 maxime
1010 1506 1273 1578 adnotandum

267 1624 356 1714 fuit,
374 1623 477 1722 quod
501 1623 668 1719 ejusdem
688 1626 831 1694 arteriae
852 1622 1019 1694 valvulas
1039 1639 1271 1712 contractas,

268 1744 402 1831 duras,
421 1765 565 1824 osseas,
589 1741 684 1811 etad
696 1740 859 1816 limbum
876 1741 915 1810 in
934 1723 1013 1812 nori
1028 1762 1147 1838 ‘parva
1165 1743 1270 1839 quasi

268 1859 466 1932 tubercula
483 1874 768 1946 crassescentes,
781 1859 1002 1930 invenerim.

324 2003 377 2049 ra.
397 1981 562 2074 Apparet
577 1976 691 2074 igitur
705 2001 750 2046 ex
768 1976 950 2063 aliorum,
967 1976 1182 2074 nostrisque
1204 1975 1273 2046 ob·

271 2093 563 2181 mutationibus,
584 2094 707 2165 cordis
721 2095 1003 2192 palpitationem
1018 2101 1149 2166 contra
1162 2109 1272 2190 atque

272 2212 502 2308 caeteroquin
514 2236 597 2288 ¹non
618 2235 703 2283 raro
721 2211 835 2297 solet,
848 2211 954 2282 haud
977 2235 1126 2309 semper
1145 2235 1273 2283 conse-

273 2331 340 2427 qui
367 2328 434 2400 uhi
457 2328 603 2426 rigidae,
624 2353 813 2426 osseaeque
840 2343 929 2401 sunt
953 2329 1107 2400 valvulae
1134 2353 1275 2427 magna

274 2448 417 2520 arteriae
432 2445 634 2544 :idemque
653 2461 807 2544 apparet
820 2446 867 2518 de
884 2447 1062 2544 pulsuum
1084 2445 1276 2544 inaequali-

272 2579 347 2636 tate
368 2578 404 2634 et
415 2564 702 2636 intermissione.
723 2569 895 2654 (Quorum
909 2565 997 2634 vitia
1010 2565 1077 2636 etsi
1092 2563 1139 2634 ad
1150 2565 1273 2662 prori-

273 2705 374 2752 mam
396 2681 591 2777 epistolam
608 2682 785 2769 attinent3
805 2681 1025 2770 hiotamen,
1041 2698 1085 2752 ut
1099 2705 1187 2752 eum
1202 2682 1273 2752 val·

274 2798 445 2870 vularum
474 2798 623 2870 illarum
649 2797 793 2870 morbis
820 2813 947 2886 erant,
976 2814 1142 2870 autnon
1171 2814 1274 2871 erant

276 2917 494 3012 conjuncta,
512 2915 673 2986 subinde
684 2939 760 2986 una
770 2915 978 3012 eademque
992 2939 1109 3013 opera
1120 2917 1272 3014 attingo,

274 3059 323 3106 ne
342 3035 381 3104 in
409 3059 452 3106 ea
471 3034 628 3131 epistola
645 3057 741 3129 opus
761 3033 807 3104 sit
823 3033 973 3105 easdem
994 3032 1273 3105 observationes

230 3210 238 3223 .
276 3165 467 3247 repetere,
485 3150 551 3222 sed
564 3151 650 3222 satis
668 3151 714 3222 sit
730 3150 909 3221 indicare.
922 3150 1041 3248 quue
1057 3152 1182 3249 ipsum
1194 3177 1276 3224 con-

277 3267 399 3340 silium
421 3269 527 3366 sequi
549 3267 672 3364 placet
688 3267 727 3338 in
746 3267 1014 3365 plerarumque
1033 3292 1163 3340 earum
1186 3291 1275 3368 quas

277 3387 441 3481 proponi
457 3385 588 3474 video,
605 3408 800 3456 causarum
820 3385 1077 3483 palpitationis
1096 3387 1274 3457 examine.

277 3505 441 3591 Quarum
472 3502 536 3572 illa
563 3503 728 3598 primuni
756 3502 1067 3575 considerandam
1100 3527 1140 3576 se
1171 3502 1277 3574 ollert

278 3641 362 3714 quaa
377 3620 415 3688 in
434 3621 640 3690 vicinarum
651 3621 883 3694 valvularum
896 3621 1100 3692 mitralium
1115 3623 1206 3691 vitio
1219 3621 1277 3690 ali-

279 3762 356 3832 quo
375 3737 553 3808 consistit.
575 3738 635 3806 Sic
651 3739 892 3810 Vicussenius
907 3740 921 3835 (
938 3737 979 3832 1)
998 3737 1277 3808 vehementissi-

930 3881 1274 3915 *ad-affl*-

317 3993 361 4067 (ι)
382 3994 482 4051 Traittl
495 3996 536 4051 du
550 4007 646 4066 cucur,
659 3996 706 4051 eh.
724 3994 768 4051 16.
