2824 4668
164 459 232 510 am.
259 465 300 512 11.
328 448 535 514 ur'mounr's
560 465 753 530 rnonacrs,
778 467 890 518 urrsr.
918 468 1014 516 xxiv.
1043 439 1109 518 361

116 590 188 648 tus.
207 580 301 650 Cum
319 581 447 650 omnia
473 565 613 673 attente
634 595 913 680 perscrutarer,
930 583 991 652 vix
1011 579 1119 680 potui

118 693 415 777 animadvertere
444 697 484 768 in
512 721 598 800 una·
622 695 669 768 de
698 695 820 770 tribus
848 699 1004 772 valvulis
1036 723 1118 796 quae

119 811 338 908 pulmonari
353 811 610 912 praeficiuntur
620 815 784 902 arteriae,
794 815 951 887 subduri
966 815 1120 914 aliquid,

122 941 159 998 et
175 927 222 1000 ad
236 931 515 1030 cartilagineum
535 931 746 1004 accedentis
760 933 798 1002 in
812 933 938 1031 medio
947 935 1122 1022 valvulae3

119 1045 168 1118 ad
185 1049 340 1146 ejusque
372 1048 530 1120 limbum
564 1050 779 1147 pracsertim.
805 1055 987 1124 Caeterum
1017 1051 1123 1122 nulla

121 1164 269 1253 cordis,
294 1165 397 1237 nulla
421 1166 696 1255 auricularum,
714 1167 819 1238 nulla
844 1193 1018 1240 vasorum
1046 1169 1122 1238 sive

119 1283 161 1354 in
178 1275 353 1372 thorace,
371 1284 447 1356 sive
471 1285 511 1354 in
528 1299 659 1358 ventre
681 1282 858 1356 dilatatio.
886 1287 986 1374 Quin
1012 1287 1124 1356 ctiam

122 1424 209 1472 cum
238 1401 411 1472 arteriam
443 1427 616 1502 magnam
643 1428 664 1473 a
688 1386 802 1474 corde
828 1402 881 1474 ad.
901 1402 1125 1473 divisionem
1178 1465 1181 1469 .

122 1540 243 1614 usque
269 1518 308 1588 in
335 1518 460 1592 iliacas
479 1521 729 1616 aperuissem,
750 1517 846 1588 nihil
876 1519 916 1590 in
940 1535 1019 1590 tota
1044 1519 1124 1614 ejus

54 1635 58 1643 '
122 1637 271 1706 interna
284 1633 376 1706 facie
389 1635 567 1708 adnotare
582 1633 711 1722 licuit,
727 1635 800 1705 nis‘i
817 1635 916 1706 leves
928 1635 1124 1731 quosdam,

124 1767 162 1824 ct
177 1751 380 1850 inaequales
394 1752 499 1850 quasi
518 1751 664 1840 sulcos,
681 1752 721 1821 in
733 1751 1013 1848 longitudinem
1034 1749 1125 1822 duc-

124 1884 204 1955 tos,
236 1887 376 1970 cosque
402 1869 567 1965 primum
593 1867 746 1966 abipso
769 1869 913 1939 arteriae
941 1868 1051 1938 initio
1078 1865 1128 1938 ad

126 2011 207 2060 eam
227 2009 348 2082 usque
365 1999 511 2084 partem
530 2009 612 2082 quae
637 1985 827 2058 adhaerere
850 1985 982 2082 incipit
1002 1985 1128 2056 thora-

126 2105 179 2176 cis
193 2101 398 2192 vertebris,
414 2117 451 2174 et
468 2127 618 2190 rursus,
631 2102 696 2176 sed
708 2103 847 2192 lavim,
865 2128 940 2200 qua
959 2102 1029 2200 sub
1048 2101 1135 2178 dia.

125 2219 345 2321 phragmate
363 2219 550 2291 caeliacum
579 2219 665 2292 edit.
688 2223 829 2292 ventre
846 2222 1068 2318 priusquam
1089 2218 1133 2302 id

54 2338 59 2347 ’
127 2361 359 2435 quaererem‚
382 2336 580 2435 adaperto,
602 2353 639 2408 et
666 2335 767 2408 ssavae
789 2363 892 2435 aquae
916 2339 1023 2436 copia
1047 2359 1130 2410 non

126 2456 178 2526 ita
194 2451 341 2524 modica
356 2455 395 2524 in
415 2479 459 2526 eo
477 2468 699 2553 conspecta,
717 2455 937 2527 intestinum
952 2453 1063 2526 colon
1079 2451 1130 2530 ab

123 2572 292 2669 jecinore
307 2569 355 2643 ad
372 2569 485 2672 finem
506 2597 627 2670 usquc
652 2573 691 2643 in
716 2589 960 2672 perangustas
979 2573 1131 2645 cellulas

128 2703 359 2760 coarctatum
385 2705 423 2762 ct
439 2693 674 2762 contractum
694 2715 849 2788 quoque
877 2690 1132 2762 ventriculum

129 2805 485 2895 animadvertimus,
506 2821 686 2878 neutrum
705 2809 905 2896 mirantes,
926 2808 1067 2906 quippe
1092 2807 1131 2876 in

130 2921 304 3012 homine,
322 2924 384 2994 vix
408 2923 633 3021 quidquam,
651 2939 694 2996 ut
710 2925 891 3013 diximus,
910 2925 1039 3022 plures
1055 2925 1133 3020 jam

131 3039 464 3116 dicscomeden'te.
481 3045 622 3139 -Itaque
643 3041 738 3112 nihil
763 3043 804 3111 in
828 3043 969 3113 ventris
987 3041 1135 3114 visceri·

130 3157 204 3231 bus
220 3173 354 3256 praeter
369 3173 543 3230 naturam
560 3161 758 3230 inventum
775 3172 848 3247 est,
868 3159 940 3230 nisi
953 3157 1056 3256 quod
1069 3157 1141 3230 he-·

131 3300 201 3374 par
225 3291 304 3348 erat
327 3275 607 3364 duriusculum,
640 3291 677 3348 ct
697 3266 854 3347 maculis
878 3276 1045 3348 exterius.
1059 3274 1135 3348 dis·

131 3393 311 3481 tinctum,
341 3393 509 3490 quaedam
536 3395 642 3491 quasi
670 3393 827 3492 granula
855 3391 1135 3466 mentientibus.

132 3509 357 3599 Cerebrum,
378 3511 482 3608 quod
506 3512 694 3609 reliquum
712 3527 811 3601 erat,
833 3513 980 3608 egregie
998 3512 1136 3582 consti·

132 3643 257 3701 tutum
288 3627 543 3727 deprehendi3
573 3653 791 3727 quanquam
813 3643 966 3700 tenuem
992 3629 1135 3700 meniu·

133 3770 218 3844 gem
233 3747 376 3818 nonita
393 3743 546 3818 difficile
565 3743 634 3817 fuit
653 3746 699 3818 ab
721 3747 835 3820 illaeso
854 3746 993 3818 cortice
1012 3743 1136 3814 detra-

126 3861 233 3968 [here.
260 3864 434 3960 Denique
454 3888 474 3934 e
498 3862 757 3936 vertebrarum
784 3862 879 3935 tubo
906 3861 1001 3934 nihil
1031 3885 1135 3958 aquae

132 3981 286 4081 prodire
304 3979 390 4052 vidi.
417 4051 421 4060 Α
