<?xml version="1.0" encoding="UTF-8"?>
<!DOCTYPE html PUBLIC "-//W3C//DTD XHTML 1.0 Transitional//EN"
    "http://www.w3.org/TR/xhtml1/DTD/xhtml1-transitional.dtd">
<html xmlns="http://www.w3.org/1999/xhtml" xml:lang="en" lang="en">
 <head>
  <title>
</title>
<meta http-equiv="Content-Type" content="text/html;charset=utf-8" />
  <meta name='ocr-system' content='tesseract 3.04.00' />
  <meta name='ocr-capabilities' content='ocr_page ocr_carea ocr_par ocr_line ocrx_word'/>
</head>
<body>
  <div class='ocr_page' id='page_1' title='image "./desedibusetcaus01adelgoog_0117.png"; bbox 0 0 2800 4674; ppageno 0'>
   <div class='ocr_carea' id='block_1_1' title="bbox 333 399 1158 514">
    <p class='ocr_par' dir='ltr' id='par_1_1' title="bbox 333 399 1158 514">
     <span class='ocr_line' id='line_1_1' title="bbox 333 399 1158 514; baseline -0.002 -16"><span class='ocrx_word' id='word_1_1' title='bbox 333 430 401 514; x_wconf 75' lang='lat'>114</span> <span class='ocrx_word' id='word_1_2' title='bbox 492 447 539 494; x_wconf 84' lang='lat' dir='ltr'>on</span> <span class='ocrx_word' id='word_1_3' title='bbox 564 399 778 496; x_wconf 62' lang='lat' dir='ltr'>seorausar</span> <span class='ocrx_word' id='word_1_4' title='bbox 802 443 926 494; x_wconf 75' lang='lat' dir='ltr'>causis</span> <span class='ocrx_word' id='word_1_5' title='bbox 950 443 1158 500; x_wconf 67' lang='lat' dir='ltr'>nonnosus</span> 
     </span>
    </p>
   </div>
   <div class='ocr_carea' id='block_1_2' title="bbox 221 557 1328 1718">
    <p class='ocr_par' dir='ltr' id='par_1_2' title="bbox 221 557 1328 1718">
     <span class='ocr_line' id='line_1_2' title="bbox 325 557 1326 660; baseline 0.002 -24"><span class='ocrx_word' id='word_1_6' title='bbox 325 561 432 660; x_wconf 92' lang='lat' dir='ltr'>quod</span> <span class='ocrx_word' id='word_1_7' title='bbox 449 585 520 658; x_wconf 92' lang='lat' dir='ltr'>pro</span> <span class='ocrx_word' id='word_1_8' title='bbox 535 558 759 635; x_wconf 86' lang='lat' dir='ltr'>Rondeletio</span> <span class='ocrx_word' id='word_1_9' title='bbox 776 581 932 655; x_wconf 89' lang='lat' dir='ltr'>quoque</span> <span class='ocrx_word' id='word_1_10' title='bbox 948 557 1091 636; x_wconf 87' lang='lat' dir='ltr'>dictum</span> <span class='ocrx_word' id='word_1_11' title='bbox 1104 562 1236 652; x_wconf 85' lang='lat' dir='ltr'>velim,</span> <span class='ocrx_word' id='word_1_12' title='bbox 1246 580 1326 642; x_wconf 85' lang='lat' dir='ltr'>tan-</span> 
     </span>
     <span class='ocr_line' id='line_1_3' title="bbox 327 674 1328 776; baseline 0.002 -26"><span class='ocrx_word' id='word_1_13' title='bbox 327 694 363 755; x_wconf 81' lang='lat' dir='ltr'>ta</span> <span class='ocrx_word' id='word_1_14' title='bbox 379 703 454 776; x_wconf 86' lang='lat' dir='ltr'>prae</span> <span class='ocrx_word' id='word_1_15' title='bbox 472 677 612 749; x_wconf 83' lang='lat' dir='ltr'>caeteris</span> <span class='ocrx_word' id='word_1_16' title='bbox 628 674 792 748; x_wconf 76' lang='lat' dir='ltr'>Arabicae</span> <span class='ocrx_word' id='word_1_17' title='bbox 810 674 945 748; x_wconf 87' lang='lat' dir='ltr'>scholae</span> <span class='ocrx_word' id='word_1_18' title='bbox 965 676 1120 755; x_wconf 89' lang='lat' dir='ltr'>medicis</span> <span class='ocrx_word' id='word_1_19' title='bbox 1132 681 1328 755; x_wconf 80' lang='lat' dir='ltr'>Avicennae</span> 
     </span>
     <span class='ocr_line' id='line_1_4' title="bbox 221 790 1326 896; baseline 0.002 -28"><span class='ocrx_word' id='word_1_20' title='bbox 221 823 223 828; x_wconf 92' lang='lat'>·</span> <span class='ocrx_word' id='word_1_21' title='bbox 326 793 424 870; x_wconf 86' lang='lat' dir='ltr'>fama</span> <span class='ocrx_word' id='word_1_22' title='bbox 443 793 668 880; x_wconf 90' lang='lat' dir='ltr'>invaluerat,</span> <span class='ocrx_word' id='word_1_23' title='bbox 697 807 739 864; x_wconf 91' lang='lat' dir='ltr'>ut</span> <span class='ocrx_word' id='word_1_24' title='bbox 762 790 867 890; x_wconf 93' lang='lat' dir='ltr'>quod</span> <span class='ocrx_word' id='word_1_25' title='bbox 886 794 925 864; x_wconf 91' lang='lat' dir='ltr'>in</span> <span class='ocrx_word' id='word_1_26' title='bbox 948 818 1086 894; x_wconf 82' lang='lat' dir='ltr'>magno</span> <span class='ocrx_word' id='word_1_27' title='bbox 1114 796 1194 892; x_wconf 84' lang='lat' dir='ltr'>ejus</span> <span class='ocrx_word' id='word_1_28' title='bbox 1214 822 1326 896; x_wconf 88' lang='lat' dir='ltr'>opere</span> 
     </span>
     <span class='ocr_line' id='line_1_5' title="bbox 319 909 1326 1013; baseline -0.002 -25"><span class='ocrx_word' id='word_1_29' title='bbox 319 939 405 1003; x_wconf 66' lang='lat' dir='ltr'>pon</span> <span class='ocrx_word' id='word_1_30' title='bbox 418 927 588 998; x_wconf 87' lang='lat' dir='ltr'>exstaret,</span> <span class='ocrx_word' id='word_1_31' title='bbox 602 910 739 984; x_wconf 83' lang='lat' dir='ltr'>frustra</span> <span class='ocrx_word' id='word_1_32' title='bbox 755 909 855 1007; x_wconf 87' lang='lat' dir='ltr'>apud</span> <span class='ocrx_word' id='word_1_33' title='bbox 864 910 1029 1008; x_wconf 88' lang='lat' dir='ltr'>reliquos</span> <span class='ocrx_word' id='word_1_34' title='bbox 1039 915 1210 1010; x_wconf 81' lang='lat' dir='ltr'>perquiri</span> <span class='ocrx_word' id='word_1_35' title='bbox 1219 940 1326 1013; x_wconf 85' lang='lat' dir='ltr'>posse</span> 
     </span>
     <span class='ocr_line' id='line_1_6' title="bbox 326 1024 1326 1127; baseline -0.003 -19"><span class='ocrx_word' id='word_1_36' title='bbox 326 1029 528 1108; x_wconf 81' lang='lat' dir='ltr'>rideretur.</span> <span class='ocrx_word' id='word_1_37' title='bbox 551 1033 679 1127; x_wconf 85' lang='lat' dir='ltr'>Longe</span> <span class='ocrx_word' id='word_1_38' title='bbox 698 1024 888 1101; x_wconf 82' lang='lat' dir='ltr'>difficilius</span> <span class='ocrx_word' id='word_1_39' title='bbox 908 1042 963 1100; x_wconf 91' lang='lat' dir='ltr'>est</span> <span class='ocrx_word' id='word_1_40' title='bbox 978 1029 1212 1104; x_wconf 83' lang='lat' dir='ltr'>Ludovicum</span> <span class='ocrx_word' id='word_1_41' title='bbox 1229 1036 1326 1105; x_wconf 89' lang='lat' dir='ltr'>Mer-</span> 
     </span>
     <span class='ocr_line' id='line_1_7' title="bbox 328 1144 1326 1242; baseline -0.005 -19"><span class='ocrx_word' id='word_1_42' title='bbox 328 1163 452 1223; x_wconf 88' lang='lat' dir='ltr'>catum</span> <span class='ocrx_word' id='word_1_43' title='bbox 468 1170 670 1234; x_wconf 80' lang='lat' dir='ltr'>excusare,</span> <span class='ocrx_word' id='word_1_44' title='bbox 688 1170 711 1216; x_wconf 80' lang='lat' dir='ltr'>a</span> <span class='ocrx_word' id='word_1_45' title='bbox 728 1167 807 1242; x_wconf 93' lang='lat' dir='ltr'>quo</span> <span class='ocrx_word' id='word_1_46' title='bbox 830 1145 967 1242; x_wconf 89' lang='lat' dir='ltr'>scripta</span> <span class='ocrx_word' id='word_1_47' title='bbox 993 1144 1040 1216; x_wconf 91' lang='lat' dir='ltr'>de</span> <span class='ocrx_word' id='word_1_48' title='bbox 1061 1145 1165 1225; x_wconf 87' lang='lat' dir='ltr'>hisce</span> <span class='ocrx_word' id='word_1_49' title='bbox 1189 1144 1326 1223; x_wconf 75' lang='lat' dir='ltr'>affecti-</span> 
     </span>
     <span class='ocr_line' id='line_1_8' title="bbox 323 1262 1325 1362; baseline 0.001 -24"><span class='ocrx_word' id='word_1_50' title='bbox 323 1264 399 1341; x_wconf 86' lang='lat' dir='ltr'>bus</span> <span class='ocrx_word' id='word_1_51' title='bbox 414 1263 482 1362; x_wconf 88' lang='lat'>(1),</span> <span class='ocrx_word' id='word_1_52' title='bbox 501 1264 631 1336; x_wconf 83' lang='lat' dir='ltr'>sicum</span> <span class='ocrx_word' id='word_1_53' title='bbox 652 1262 758 1350; x_wconf 87' lang='lat' dir='ltr'>Salii,</span> <span class='ocrx_word' id='word_1_54' title='bbox 775 1285 889 1358; x_wconf 91' lang='lat' dir='ltr'>quern</span> <span class='ocrx_word' id='word_1_55' title='bbox 909 1287 957 1334; x_wconf 91' lang='lat' dir='ltr'>ne</span> <span class='ocrx_word' id='word_1_56' title='bbox 977 1263 1148 1344; x_wconf 86' lang='lat' dir='ltr'>nominat</span> <span class='ocrx_word' id='word_1_57' title='bbox 1161 1263 1325 1360; x_wconf 80' lang='lat' dir='ltr'>quidem,</span> 
     </span>
     <span class='ocr_line' id='line_1_9' title="bbox 320 1376 1325 1478; baseline -0.008 -19"><span class='ocrx_word' id='word_1_58' title='bbox 320 1383 545 1460; x_wconf 79' lang='lat' dir='ltr'>‚tractatione</span> <span class='ocrx_word' id='word_1_59' title='bbox 559 1378 784 1468; x_wconf 88' lang='lat' dir='ltr'>contuleris,</span> <span class='ocrx_word' id='word_1_60' title='bbox 807 1376 855 1450; x_wconf 90' lang='lat' dir='ltr'>ab</span> <span class='ocrx_word' id='word_1_61' title='bbox 869 1379 968 1453; x_wconf 81' lang='lat' dir='ltr'>salio</span> <span class='ocrx_word' id='word_1_62' title='bbox 987 1381 1113 1454; x_wconf 83' lang='lat' dir='ltr'>omnia</span> <span class='ocrx_word' id='word_1_63' title='bbox 1127 1383 1325 1478; x_wconf 70' lang='lat' dir='ltr'>sumpsisse</span> 
     </span>
     <span class='ocr_line' id='line_1_10' title="bbox 321 1484 1325 1597; baseline -0.003 -24"><span class='ocrx_word' id='word_1_64' title='bbox 321 1501 449 1578; x_wconf 85' lang='lat' dir='ltr'>statim</span> <span class='ocrx_word' id='word_1_65' title='bbox 465 1521 689 1597; x_wconf 79' lang='lat' dir='ltr'><strong>cognosces..</strong></span> <span class='ocrx_word' id='word_1_66' title='bbox 702 1500 749 1568; x_wconf 81' lang='lat' dir='ltr'>At</span> <span class='ocrx_word' id='word_1_67' title='bbox 765 1511 908 1594; x_wconf 82' lang='lat' dir='ltr'>quanto</span> <span class='ocrx_word' id='word_1_68' title='bbox 934 1484 1060 1573; x_wconf 74' lang='lat' dir='ltr'>minus&#39;</span> <span class='ocrx_word' id='word_1_69' title='bbox 1084 1522 1172 1596; x_wconf 79' lang='lat' dir='ltr'>erga</span> <span class='ocrx_word' id='word_1_70' title='bbox 1191 1498 1325 1574; x_wconf 67' lang='lat' dir='ltr'>saltum</span> 
     </span>
     <span class='ocr_line' id='line_1_11' title="bbox 319 1612 1326 1718; baseline -0.01 -22"><span class='ocrx_word' id='word_1_71' title='bbox 319 1620 435 1718; x_wconf 75' lang='lat' dir='ltr'>grati,</span> <span class='ocrx_word' id='word_1_72' title='bbox 455 1632 498 1690; x_wconf 93' lang='lat' dir='ltr'>ut</span> <span class='ocrx_word' id='word_1_73' title='bbox 519 1640 614 1714; x_wconf 79' lang='lat' dir='ltr'>saepe</span> <span class='ocrx_word' id='word_1_74' title='bbox 635 1613 697 1703; x_wconf 91' lang='lat' dir='ltr'>fit,</span> <span class='ocrx_word' id='word_1_75' title='bbox 721 1615 836 1712; x_wconf 87' lang='lat' dir='ltr'>aliqui</span> <span class='ocrx_word' id='word_1_76' title='bbox 858 1612 1012 1691; x_wconf 85' lang='lat' dir='ltr'>luerunt</span> <span class='ocrx_word' id='word_1_77' title='bbox 1030 1616 1097 1713; x_wconf 89' lang='lat' dir='ltr'>qui</span> <span class='ocrx_word' id='word_1_78' title='bbox 1116 1615 1254 1692; x_wconf 87' lang='lat' dir='ltr'>eodem</span> <span class='ocrx_word' id='word_1_79' title='bbox 1278 1617 1326 1688; x_wconf 76' lang='lat' dir='ltr'>ri-</span> 
     </span>
    </p>
   </div>
   <div class='ocr_carea' id='block_1_3' title="bbox 321 1721 1388 1832">
    <p class='ocr_par' dir='ltr' id='par_1_3' title="bbox 321 1721 1388 1832">
     <span class='ocr_line' id='line_1_12' title="bbox 321 1721 1388 1832; baseline 0.001 -25"><span class='ocrx_word' id='word_1_80' title='bbox 321 1735 460 1812; x_wconf 86' lang='lat' dir='ltr'>vebant</span> <span class='ocrx_word' id='word_1_81' title='bbox 476 1749 665 1832; x_wconf 87' lang='lat' dir='ltr'>tempore,</span> <span class='ocrx_word' id='word_1_82' title='bbox 677 1747 783 1816; x_wconf 81' lang='lat' dir='ltr'>tanto</span> <span class='ocrx_word' id='word_1_83' title='bbox 802 1733 954 1829; x_wconf 79' lang='lat' dir='ltr'>gratior,</span> <span class='ocrx_word' id='word_1_84' title='bbox 971 1729 1242 1830; x_wconf 84' lang='lat' dir='ltr'>aequiorvefuit</span> <span class='ocrx_word' id='word_1_85' title='bbox 1255 1733 1324 1808; x_wconf 86' lang='lat' dir='ltr'>hoc</span> <span class='ocrx_word' id='word_1_86' title='bbox 1387 1721 1388 1738; x_wconf 43' lang='lat'>¹</span> 
     </span>
    </p>
   </div>
   <div class='ocr_carea' id='block_1_4' title="bbox 254 1848 1324 2308">
    <p class='ocr_par' dir='ltr' id='par_1_4' title="bbox 254 1848 1324 2308">
     <span class='ocr_line' id='line_1_13' title="bbox 254 1848 1322 1948; baseline -0.006 -18"><span class='ocrx_word' id='word_1_87' title='bbox 254 1879 258 1888; x_wconf 81' lang='grc'><strong><em>’</em></strong></span> <span class='ocrx_word' id='word_1_88' title='bbox 322 1868 455 1930; x_wconf 89' lang='lat' dir='ltr'>nostro</span> <span class='ocrx_word' id='word_1_89' title='bbox 483 1851 618 1929; x_wconf 84' lang='lat' dir='ltr'>saeculo</span> <span class='ocrx_word' id='word_1_90' title='bbox 648 1848 786 1924; x_wconf 88' lang='lat' dir='ltr'>nobilis</span> <span class='ocrx_word' id='word_1_91' title='bbox 818 1851 980 1948; x_wconf 84' lang='lat' dir='ltr'>scriptor</span> <span class='ocrx_word' id='word_1_92' title='bbox 1010 1848 1205 1926; x_wconf 87' lang='lat' dir='ltr'>Freindius</span> <span class='ocrx_word' id='word_1_93' title='bbox 1228 1850 1322 1948; x_wconf 68' lang='grc' dir='ltr'>(α),</span> 
     </span>
     <span class='ocr_line' id='line_1_14' title="bbox 320 1964 1323 2070; baseline -0.004 -28"><span class='ocrx_word' id='word_1_94' title='bbox 320 1973 493 2070; x_wconf 80' lang='lat' dir='ltr'>gratique</span> <span class='ocrx_word' id='word_1_95' title='bbox 524 1964 840 2068; x_wconf 84' lang='lat' dir='ltr'>pariterfuerunt</span> <span class='ocrx_word' id='word_1_96' title='bbox 865 1965 1051 2043; x_wconf 81' lang='lat' dir='ltr'>Archiatri</span> <span class='ocrx_word' id='word_1_97' title='bbox 1076 1966 1153 2042; x_wconf 87' lang='lat' dir='ltr'>duo</span> <span class='ocrx_word' id='word_1_98' title='bbox 1178 1968 1323 2066; x_wconf 75' lang='lat' dir='ltr'>amplis</span> 
     </span>
     <span class='ocr_line' id='line_1_15' title="bbox 323 2083 1323 2185; baseline -0.005 -23"><span class='ocrx_word' id='word_1_99' title='bbox 323 2091 425 2177; x_wconf 88' lang='lat' dir='ltr'>simi,</span> <span class='ocrx_word' id='word_1_100' title='bbox 437 2112 554 2185; x_wconf 92' lang='lat' dir='ltr'>quos,</span> <span class='ocrx_word' id='word_1_101' title='bbox 570 2086 649 2161; x_wconf 88' lang='lat' dir='ltr'>haec</span> <span class='ocrx_word' id='word_1_102' title='bbox 662 2107 882 2173; x_wconf 82' lang='lat' dir='ltr'>recensens,</span> <span class='ocrx_word' id='word_1_103' title='bbox 897 2108 972 2182; x_wconf 86' lang='lat' dir='ltr'>qua</span> <span class='ocrx_word' id='word_1_104' title='bbox 985 2099 1090 2182; x_wconf 83' lang='lat' dir='ltr'>parte</span> <span class='ocrx_word' id='word_1_105' title='bbox 1102 2083 1149 2160; x_wconf 94' lang='lat' dir='ltr'>de</span> <span class='ocrx_word' id='word_1_106' title='bbox 1162 2084 1223 2158; x_wconf 87' lang='lat' dir='ltr'>his</span> <span class='ocrx_word' id='word_1_107' title='bbox 1232 2111 1323 2158; x_wconf 88' lang='lat' dir='ltr'>mor·</span> 
     </span>
     <span class='ocr_line' id='line_1_16' title="bbox 319 2185 1324 2308; baseline -0.007 -32"><span class='ocrx_word' id='word_1_108' title='bbox 319 2205 380 2282; x_wconf 88' lang='lat' dir='ltr'>his</span> <span class='ocrx_word' id='word_1_109' title='bbox 404 2207 651 2308; x_wconf 81' lang='lat' dir='ltr'>scripserunt,</span> <span class='ocrx_word' id='word_1_110' title='bbox 678 2185 895 2298; x_wconf 86' lang='lat' dir='ltr'>nuperrime</span> <span class='ocrx_word' id='word_1_111' title='bbox 913 2200 1082 2298; x_wconf 76' lang='lat' dir='ltr'>legebam</span> <span class='ocrx_word' id='word_1_112' title='bbox 1103 2228 1110 2270; x_wconf 94' lang='lat'><strong>:</strong></span> <span class='ocrx_word' id='word_1_113' title='bbox 1131 2204 1211 2278; x_wconf 84' lang='lat' dir='ltr'>imo</span> <span class='ocrx_word' id='word_1_114' title='bbox 1235 2205 1324 2278; x_wconf 81' lang='lat' dir='ltr'>alter</span> 
     </span>
    </p>
   </div>
   <div class='ocr_carea' id='block_1_5' title="bbox 302 2317 1387 2394">
    <p class='ocr_par' dir='ltr' id='par_1_5' title="bbox 302 2317 1387 2394">
     <span class='ocr_line' id='line_1_17' title="bbox 302 2317 1387 2394; baseline -0.004 -2"><span class='ocrx_word' id='word_1_115' title='bbox 302 2363 306 2372; x_wconf 46' lang='grc' dir='ltr'><em>ι</em></span> <span class='ocrx_word' id='word_1_116' title='bbox 322 2321 583 2394; x_wconf 84' lang='lat' dir='ltr'>observatione</span> <span class='ocrx_word' id='word_1_117' title='bbox 597 2342 662 2390; x_wconf 87' lang='lat' dir='ltr'>sua</span> <span class='ocrx_word' id='word_1_118' title='bbox 677 2317 763 2388; x_wconf 86' lang='lat' dir='ltr'>Salii</span> <span class='ocrx_word' id='word_1_119' title='bbox 776 2317 1076 2393; x_wconf 84' lang='lat' dir='ltr'>observationem</span> <span class='ocrx_word' id='word_1_120' title='bbox 1090 2318 1228 2394; x_wconf 84' lang='lat' dir='ltr'>diserte</span> <span class='ocrx_word' id='word_1_121' title='bbox 1241 2347 1323 2394; x_wconf 84' lang='lat' dir='ltr'>non·</span> <span class='ocrx_word' id='word_1_122' title='bbox 1386 2381 1387 2388; x_wconf 74' lang='grc'>,</span> 
     </span>
    </p>
   </div>
   <div class='ocr_carea' id='block_1_6' title="bbox 298 2434 1323 3594">
    <p class='ocr_par' dir='ltr' id='par_1_6' title="bbox 298 2434 1323 3594">
     <span class='ocr_line' id='line_1_18' title="bbox 320 2434 1322 2538; baseline -0.007 -21"><span class='ocrx_word' id='word_1_123' title='bbox 320 2437 502 2526; x_wconf 80' lang='lat' dir='ltr'>firmavit3</span> <span class='ocrx_word' id='word_1_124' title='bbox 526 2435 620 2508; x_wconf 88' lang='lat' dir='ltr'>alter</span> <span class='ocrx_word' id='word_1_125' title='bbox 639 2434 854 2532; x_wconf 87' lang='lat' dir='ltr'>quomodo,</span> <span class='ocrx_word' id='word_1_126' title='bbox 877 2450 915 2510; x_wconf 90' lang='lat' dir='ltr'>et</span> <span class='ocrx_word' id='word_1_127' title='bbox 937 2437 1131 2534; x_wconf 82' lang='lat' dir='ltr'>quandoa</span> <span class='ocrx_word' id='word_1_128' title='bbox 1155 2437 1322 2538; x_wconf 81' lang='lat' dir='ltr'>perfrigi-</span> 
     </span>
     <span class='ocr_line' id='line_1_19' title="bbox 317 2553 1323 2652; baseline -0.003 -21"><span class='ocrx_word' id='word_1_129' title='bbox 317 2555 372 2631; x_wconf 90' lang='lat' dir='ltr'>do</span> <span class='ocrx_word' id='word_1_130' title='bbox 393 2581 478 2629; x_wconf 88' lang='lat' dir='ltr'>aere</span> <span class='ocrx_word' id='word_1_131' title='bbox 496 2554 823 2652; x_wconf 77' lang='lat' dir='ltr'>inspirat0,‚auta</span> <span class='ocrx_word' id='word_1_132' title='bbox 846 2553 968 2651; x_wconf 84' lang='lat' dir='ltr'>gelida</span> <span class='ocrx_word' id='word_1_133' title='bbox 987 2555 1142 2652; x_wconf 88' lang='lat' dir='ltr'>potione</span> <span class='ocrx_word' id='word_1_134' title='bbox 1169 2556 1323 2631; x_wconf 88' lang='lat' dir='ltr'>medias·</span> 
     </span>
     <span class='ocr_line' id='line_1_20' title="bbox 318 2669 1322 2772; baseline -0.006 -22"><span class='ocrx_word' id='word_1_135' title='bbox 318 2675 460 2762; x_wconf 87' lang='lat' dir='ltr'>tinum,</span> <span class='ocrx_word' id='word_1_136' title='bbox 490 2673 631 2772; x_wconf 88' lang='lat' dir='ltr'>quippe</span> <span class='ocrx_word' id='word_1_137' title='bbox 654 2697 675 2742; x_wconf 90' lang='lat' dir='ltr'>a</span> <span class='ocrx_word' id='word_1_138' title='bbox 698 2669 944 2769; x_wconf 87' lang='lat' dir='ltr'>pulmonibus</span> <span class='ocrx_word' id='word_1_139' title='bbox 967 2673 1241 2770; x_wconf 85' lang='lat' dir='ltr'>interceptum,</span> <span class='ocrx_word' id='word_1_140' title='bbox 1261 2700 1322 2772; x_wconf 85' lang='lat' dir='ltr'>gu·</span> 
     </span>
     <span class='ocr_line' id='line_1_21' title="bbox 319 2786 1323 2886; baseline -0.006 -18"><span class='ocrx_word' id='word_1_141' title='bbox 319 2793 395 2874; x_wconf 78' lang='lat' dir='ltr'>lam</span> <span class='ocrx_word' id='word_1_142' title='bbox 415 2804 539 2864; x_wconf 89' lang='lat' dir='ltr'>autem</span> <span class='ocrx_word' id='word_1_143' title='bbox 558 2790 816 2886; x_wconf 84' lang='lat' dir='ltr'>intercipiens,</span> <span class='ocrx_word' id='word_1_144' title='bbox 831 2811 911 2863; x_wconf 88' lang='lat' dir='ltr'>non</span> <span class='ocrx_word' id='word_1_145' title='bbox 928 2786 1080 2863; x_wconf 89' lang='lat' dir='ltr'>difficile</span> <span class='ocrx_word' id='word_1_146' title='bbox 1100 2789 1323 2864; x_wconf 86' lang='lat' dir='ltr'>inflammari</span> 
     </span>
     <span class='ocr_line' id='line_1_22' title="bbox 318 2905 1321 3010; baseline -0.005 -25"><span class='ocrx_word' id='word_1_147' title='bbox 318 2911 437 3010; x_wconf 86' lang='lat' dir='ltr'>possit</span> <span class='ocrx_word' id='word_1_148' title='bbox 454 2906 626 2983; x_wconf 87' lang='lat' dir='ltr'>ostendit.</span> <span class='ocrx_word' id='word_1_149' title='bbox 647 2908 725 2983; x_wconf 75' lang='lat' dir='ltr'>Nec</span> <span class='ocrx_word' id='word_1_150' title='bbox 744 2921 871 2978; x_wconf 86' lang='lat' dir='ltr'>tamen</span> <span class='ocrx_word' id='word_1_151' title='bbox 891 2905 991 2990; x_wconf 87' lang='lat' dir='ltr'>Salio</span> <span class='ocrx_word' id='word_1_152' title='bbox 1007 2908 1197 3004; x_wconf 77' lang='lat' dir='ltr'>ingratum</span> <span class='ocrx_word' id='word_1_153' title='bbox 1213 2907 1321 2982; x_wconf 83' lang='lat' dir='ltr'>fuisse</span> 
     </span>
     <span class='ocr_line' id='line_1_23' title="bbox 317 3023 1319 3122; baseline -0.007 -18"><span class='ocrx_word' id='word_1_154' title='bbox 317 3027 547 3109; x_wconf 76' lang='lat' dir='ltr'>crediderim</span> <span class='ocrx_word' id='word_1_155' title='bbox 564 3026 688 3097; x_wconf 88' lang='lat' dir='ltr'>virum</span> <span class='ocrx_word' id='word_1_156' title='bbox 707 3024 877 3122; x_wconf 85' lang='lat' dir='ltr'>alioquin</span> <span class='ocrx_word' id='word_1_157' title='bbox 890 3023 1064 3113; x_wconf 85' lang='lat' dir='ltr'>doctum,</span> <span class='ocrx_word' id='word_1_158' title='bbox 1080 3027 1246 3122; x_wconf 84' lang='lat' dir='ltr'>quicum</span> <span class='ocrx_word' id='word_1_159' title='bbox 1260 3052 1319 3098; x_wconf 91' lang='lat' dir='ltr'>an·</span> 
     </span>
     <span class='ocr_line' id='line_1_24' title="bbox 298 3138 1319 3245; baseline -0.006 -25"><span class='ocrx_word' id='word_1_160' title='bbox 298 3138 371 3220; x_wconf 77' lang='lat' dir='ltr'>&#39;no</span> <span class='ocrx_word' id='word_1_161' title='bbox 389 3161 590 3245; x_wconf 88' lang='lat' dir='ltr'>postquam</span> <span class='ocrx_word' id='word_1_162' title='bbox 610 3143 773 3218; x_wconf 87' lang='lat' dir='ltr'>Freindii</span> <span class='ocrx_word' id='word_1_163' title='bbox 787 3142 943 3215; x_wconf 91' lang='lat' dir='ltr'>historia</span> <span class='ocrx_word' id='word_1_164' title='bbox 963 3142 1157 3224; x_wconf 70' lang='lat' dir='ltr'>medicine</span> <span class='ocrx_word' id='word_1_165' title='bbox 1175 3145 1319 3242; x_wconf 89' lang='lat' dir='ltr'>prodie-</span> 
     </span>
     <span class='ocr_line' id='line_1_25' title="bbox 315 3260 1319 3359; baseline -0.006 -23"><span class='ocrx_word' id='word_1_166' title='bbox 315 3279 394 3349; x_wconf 78' lang='lat' dir='ltr'>rat,</span> <span class='ocrx_word' id='word_1_167' title='bbox 422 3262 571 3338; x_wconf 89' lang='lat' dir='ltr'>decimo</span> <span class='ocrx_word' id='word_1_168' title='bbox 598 3261 780 3359; x_wconf 90' lang='lat' dir='ltr'>scriptum</span> <span class='ocrx_word' id='word_1_169' title='bbox 805 3260 977 3358; x_wconf 83' lang='lat' dir='ltr'>vulgaret</span> <span class='ocrx_word' id='word_1_170' title='bbox 1005 3284 1137 3348; x_wconf 89' lang='lat' dir='ltr'>suum,</span> <span class='ocrx_word' id='word_1_171' title='bbox 1166 3277 1319 3358; x_wconf 87' lang='lat' dir='ltr'>questus</span> 
     </span>
     <span class='ocr_line' id='line_1_26' title="bbox 315 3365 1318 3458; baseline -0.007 -4"><span class='ocrx_word' id='word_1_172' title='bbox 315 3395 374 3458; x_wconf 84' lang='lat' dir='ltr'>cst</span> <span class='ocrx_word' id='word_1_173' title='bbox 399 3365 611 3456; x_wconf 78' lang='lat' dir='ltr'>mediastini</span> <span class='ocrx_word' id='word_1_174' title='bbox 631 3377 965 3457; x_wconf 82' lang='lat' dir='ltr'>inflammationem</span> <span class='ocrx_word' id='word_1_175' title='bbox 986 3373 1100 3452; x_wconf 81' lang='lat' dir='ltr'>luisse</span> <span class='ocrx_word' id='word_1_176' title='bbox 1125 3376 1172 3450; x_wconf 89' lang='lat' dir='ltr'>ab</span> <span class='ocrx_word' id='word_1_177' title='bbox 1199 3379 1318 3452; x_wconf 87' lang='lat' dir='ltr'>ornni-</span> 
     </span>
     <span class='ocr_line' id='line_1_27' title="bbox 316 3493 1316 3594; baseline -0.003 -25"><span class='ocrx_word' id='word_1_178' title='bbox 316 3494 450 3578; x_wconf 73' lang='lat' dir='ltr'>bnsad</span> <span class='ocrx_word' id='word_1_179' title='bbox 463 3493 502 3564; x_wconf 91' lang='lat' dir='ltr'>id</span> <span class='ocrx_word' id='word_1_180' title='bbox 522 3518 642 3592; x_wconf 86' lang='lat' dir='ltr'>usque</span> <span class='ocrx_word' id='word_1_181' title='bbox 663 3495 1133 3594; x_wconf 81' lang='lat' dir='ltr'>tempuspraetertnis&#39;sam,</span> <span class='ocrx_word' id='word_1_182' title='bbox 1149 3495 1316 3591; x_wconf 81' lang='lat' dir='ltr'>cujusin·</span> 
     </span>
    </p>
   </div>
   <div class='ocr_carea' id='block_1_7' title="bbox 316 3611 1384 3712">
    <p class='ocr_par' dir='ltr' id='par_1_7' title="bbox 316 3611 1384 3712">
     <span class='ocr_line' id='line_1_28' title="bbox 316 3611 1384 3712; baseline -0.007 -24"><span class='ocrx_word' id='word_1_183' title='bbox 316 3618 427 3698; x_wconf 83' lang='lat' dir='ltr'>terim</span> <span class='ocrx_word' id='word_1_184' title='bbox 439 3613 543 3712; x_wconf 83' lang='lat' dir='ltr'>signa</span> <span class='ocrx_word' id='word_1_185' title='bbox 556 3612 725 3710; x_wconf 89' lang='lat' dir='ltr'>quaedam</span> <span class='ocrx_word' id='word_1_186' title='bbox 739 3612 934 3712; x_wconf 84' lang='lat' dir='ltr'>produxit,</span> <span class='ocrx_word' id='word_1_187' title='bbox 947 3612 1096 3684; x_wconf 82' lang='lat' dir='ltr'>interea</span> <span class='ocrx_word' id='word_1_188' title='bbox 1107 3637 1191 3709; x_wconf 85' lang='lat' dir='ltr'>quae</span> <span class='ocrx_word' id='word_1_189' title='bbox 1203 3611 1317 3690; x_wconf 81' lang='lat' dir='ltr'>salius</span> <span class='ocrx_word' id='word_1_190' title='bbox 1383 3619 1384 3644; x_wconf 77' lang='lat'><em>³</em></span> 
     </span>
    </p>
   </div>
   <div class='ocr_carea' id='block_1_8' title="bbox 341 3861 993 4070">
    <p class='ocr_par' dir='ltr' id='par_1_8' title="bbox 341 3861 993 4070">
     <span class='ocr_line' id='line_1_29' title="bbox 356 3861 969 3974; baseline -0.003 -22"><span class='ocrx_word' id='word_1_191' title='bbox 356 3895 400 3974; x_wconf 82' lang='grc' dir='ltr'>(ι)</span> <span class='ocrx_word' id='word_1_192' title='bbox 422 3897 467 3950; x_wconf 86' lang='lat' dir='ltr'>De</span> <span class='ocrx_word' id='word_1_193' title='bbox 478 3895 587 3950; x_wconf 88' lang='lat' dir='ltr'>intern.</span> <span class='ocrx_word' id='word_1_194' title='bbox 599 3895 696 3950; x_wconf 88' lang='lat' dir='ltr'>morh.</span> <span class='ocrx_word' id='word_1_195' title='bbox 709 3861 802 3950; x_wconf 71' lang='lat' dir='ltr'>curat.</span> <span class='ocrx_word' id='word_1_196' title='bbox 816 3895 837 3951; x_wconf 91' lang='lat' dir='ltr'>l.</span> <span class='ocrx_word' id='word_1_197' title='bbox 854 3913 887 3964; x_wconf 82' lang='lat' dir='ltr'>a,</span> <span class='ocrx_word' id='word_1_198' title='bbox 900 3915 926 3952; x_wconf 91' lang='lat' dir='ltr'>c.</span> <span class='ocrx_word' id='word_1_199' title='bbox 939 3894 969 3950; x_wconf 89' lang='lat'>6.</span> 
     </span>
     <span class='ocr_line' id='line_1_30' title="bbox 341 3989 993 4070; baseline -0.003 -21"><span class='ocrx_word' id='word_1_200' title='bbox 341 3993 401 4070; x_wconf 71' lang='lat' dir='ltr'>(a)</span> <span class='ocrx_word' id='word_1_201' title='bbox 421 3996 502 4051; x_wconf 88' lang='lat' dir='ltr'>Loco</span> <span class='ocrx_word' id='word_1_202' title='bbox 519 3992 611 4050; x_wconf 79' lang='lat' dir='ltr'>inodo</span> <span class='ocrx_word' id='word_1_203' title='bbox 623 3992 764 4051; x_wconf 85' lang='lat' dir='ltr'>indicato.</span> <span class='ocrx_word' id='word_1_204' title='bbox 990 3989 993 3994; x_wconf 86' lang='grc'><strong>’</strong></span> 
     </span>
    </p>
   </div>
   <div class='ocr_carea' id='block_1_9' title="bbox 0 0 1404 4674">
    <p class='ocr_par' dir='ltr' id='par_1_9' title="bbox 0 0 1404 4674">
     <span class='ocr_line' id='line_1_31' title="bbox 0 0 1404 4674; baseline 0 3"><span class='ocrx_word' id='word_1_205' title='bbox 0 0 1404 4674; x_wconf 95' lang='lat' dir='ltr'> </span> 
     </span>
    </p>
   </div>
  </div>
 </body>
</html>
