2816 4668
143 499 211 548 sm.
239 499 279 548 11.
307 491 874 564 nanoun1sauomeis,nmsn
902 501 999 560 xxva
1028 463 1098 573 437

96 615 262 711 criptum
281 625 353 702 esu
374 615 498 684 minus
513 613 712 684 verisimile
732 611 797 702 fit,
818 613 995 686 mulieres
1011 615 1101 685 istas

94 745 228 804 omnes
242 731 412 803 eamdem
432 731 668 829 potissimum
689 746 801 803 aortae
819 747 965 830 partem
981 731 1101 828 imbe-

22 871 28 886 ‘
95 849 280 920 ei‘lliorem
293 847 478 921 habuisse.
496 848 720 920 Credibilius
733 843 887 922 fortasse
907 865 980 935 est,
994 848 1033 918 id
1057 850 1102 918 si·

96 966 180 1036 mul
192 967 371 1063 ponderi,
384 983 420 1039 et
434 967 604 1038 incursui
616 957 835 1064 sanguinise
845 966 959 1038 corde
970 983 1102 1038 exe'un·

47 1111 50 1123 ·
95 1087 147 1156 tis
160 1085 310 1173 deberi,
328 1088 423 1158 sicut
440 1086 582 1157 arteriae
592 1087 736 1182 positus
750 1084 899 1156 videtur
910 1085 1100 1172 indicare,

97 1227 182 1300 quae
204 1219 247 1274 ut
271 1203 318 1274 ab
345 1220 430 1275 ortu
451 1229 489 1275 se
513 1203 695 1274 inclinare
721 1201 767 1274 ad
788 1204 996 1301 posteriora
1015 1227 1104 1272 con·

95 1321 209 1391 tinuo
230 1322 383 1418 incipit.
404 1323 455 1392 sic
473 1337 617 1418 partem
637 1321 738 1391 illam
761 1343 867 1392 suam
886 1336 923 1392 et
941 1321 1103 1419 ponderi

98 1439 291 1536 sanguinis
307 1438 480 1536 subjicit,
499 1453 535 1509 et
552 1439 720 1511 incursui
736 1438 876 1534 objicit.
895 1440 996 1510 Scire
1013 1464 1105 1536 quo·
1130 1471 1133 1480 2

98 1553 349 1651 quefortasse
371 1575 477 1642 aves,
498 1579 585 1641 cur,
606 1571 717 1651 rupta
738 1555 893 1642 arteria,
909 1581 988 1626 non
1002 1556 1104 1628 illico

100 1671 240 1742 mulier
268 1671 347 1742 haec
379 1695 532 1767 quoque
565 1672 611 1741 sit
640 1685 807 1740 mortua:
830 1671 984 1757 Credo,
1015 1673 1104 1767 quia

97 1785 269 1860 foramen
289 1813 308 1858 a
328 1789 452 1884 primo
473 1788 530 1858 vel
548 1789 673 1858 minus
691 1785 802 1858 fuerit
820 1811 935 1884 quam
953 1788 1104 1874 inveni,
1173 1797 1177 1804 “

100 1903 263 1976 docente
285 1905 323 1974 id
344 1906 523 2003 sanguine
538 1958 547 1992 ‚
564 1907 704 1975 minori
728 1930 840 2001 quam
860 1907 899 1974 in
916 1905 1020 1991 aliis,
1039 1929 1104 1975 co-

97 2024 161 2120 pia
185 2021 304 2094 effuso
332 2051 339 2092 ε
372 2046 590 2121 quanquam
627 2024 767 2094 minori
797 2024 904 2122 copia
933 2020 1103 2113 effusus,

97 2139 276 2238 lenteque
296 2138 367 2211 fuit
387 2139 437 2218 ob
454 2141 552 2212 vires
572 2142 682 2212 etiam
706 2143 845 2213 sinistri
867 2141 991 2214 cordis
1012 2167 1103 2212 ven-

96 2257 243 2347 triculi,
263 2281 371 2354 aequo
392 2258 483 2329 olim
503 2259 657 2356 quidem
684 2285 771 2331 cum
791 2276 935 2331 aortam
962 2260 1103 2332 disten·
1129 2341 1133 2348 ,

99 2370 263 2461 derunt,
292 2375 453 2470 majores
485 2390 657 2475 tempore
687 2395 812 2450 autem
844 2379 1049 2451 novissimo
1081 2403 1101 2448 a

100 2489 199 2562 vitiis
222 2491 399 2564 omnibus
416 2509 527 2565 aortae
548 2497 665 2592 ipsius
688 2495 753 2567 diu
779 2497 966 2594 valdeque
993 2499 1101 2569 resis-
1140 2539 1142 2547 ,

92 2607 272 2697 tentibu5‚
282 2610 331 2680 ita
341 2608 520 2698 infractis,
528 2627 571 2684 ut
581 2615 888 2711 magnaejusdem
899 2615 1101 2686 ventriculi
1116 2621 1118 2625 ’

96 2724 263 2796 dilatatio
276 2727 449 2800 ostendit.
466 2731 540 2820 Qui
561 2730 684 2803 lentus
702 2725 896 2829 sanguinis
925 2731 1099 2830 delapsus

92 2841 303 2933 levissimo,
328 2845 651 2942 quemadmodum
677 2851 810 2946 pulsus
839 2848 1098 2947 significabat,

93 2961 516 3034 cordismotuiomnino
533 2989 861 3064 congruens,num
873 2964 1098 3051 messuerit,

95 3093 149 3150 ut
166 3078 266 3150 idem
287 3084 453 3178 sanguis,
465 3083 568 3178 quod
588 3107 775 3179 nusquam
789 3086 828 3154 in
847 3099 928 3154 toto
951 3083 1099 3180 reliquo

93 3197 270 3292 apparuit
289 3221 470 3296 corpore,
492 3199 530 3268 in
546 3199 760 3296 pericardio
778 3201 1032 3288 concreverit3
1050 3225 1097 3272 an

96 3313 224 3410 potius
249 3337 347 3411 aqua
378 3317 418 3386 in
445 3314 519 3388 hoc
544 3314 699 3389 fortasse
732 3317 781 3388 ob
813 3316 938 3390 cordis
964 3319 1096 3389 vitium

97 3445 206 3500 antea
220 3429 415 3518 morbida,
432 3457 480 3504 an
502 3433 628 3532 aliqua
648 3437 758 3507 etiam
777 3459 887 3508 causa
906 3436 995 3521 alia,
1015 3439 1097 3534 quae

91 3571 155 3617 me
173 3573 275 3620 nunc
294 3546 430 3647 fugiat,
448 3550 486 3621 id
502 3567 676 3649 praestare
700 3557 889 3652 potuerit,
909 3554 948 3626 in
969 3553 1096 3626 medio

91 3664 283 3763 relinqunt
377 3699 379 3702 ·
441 3686 443 3690 ·

143 3780 200 3853 25.
231 3787 286 3855 De
315 3783 439 3856 cordis
461 3801 588 3858 autem
613 3803 905 3885 aneurysmate,
932 3803 969 3860 et
990 3790 1096 3884 quod

91 3902 216 3998 ipsum
234 3899 420 3998 denique,
441 3927 513 3975 nec
532 3927 643 3994 raro,
662 3904 777 3978 subiti
793 3887 966 3977 interitus
986 3929 1097 3976 causa

91 4017 253 4106 sit‚aliis
265 4019 430 4116 epistolis
441 4023 863 4119 tumscripsimus,tum
874 4016 1116 4096 scribemus*
1178 4079 1179 4082 ,
