2816 4668
303 444 378 536 406
471 468 517 514 aa
544 465 690 514 stamus
714 465 758 514 ar
783 465 907 514 cauus
933 466 1142 516 monacnum

302 581 484 666 memoria
500 580 585 651 tulit
604 579 800 668 Cornacis;
818 604 906 651 nam
923 538 1060 670 hassa,
1077 595 1121 654 ut
1134 581 1203 653 alia
1217 603 1293 679 pra·
1365 561 1366 574 ἵ

300 715 460 788 temam,
478 697 572 769 vidit
587 699 627 768 in
639 698 851 798 ventriculo
864 698 1018 772 dextero
1031 714 1227 799 apostema
1239 722 1292 770 no·

301 818 415 896 tabt'le
432 817 605 904 interius,
626 813 830 887 auriculam
849 831 974 888 autem
994 817 1201 904 sinistram,
1225 841 1293 914 quc

298 941 521 1037 paratissimo
539 949 639 1021 erat,
661 932 869 1004 ulceratum
896 949 1015 1006 totam
1040 940 1206 1006 caterius
1227 958 1292 1004 cum

302 1059 407 1124 sanie
428 1048 648 1142 manifesta5
673 1049 746 1122 sed·
756 1051 865 1122 ulcus
891 1050 1013 1124 multo
1037 1052 1179 1148 majus,
1200 1073 1292 1150 quom

303 1177 353 1246 st't
368 1169 526 1240 dimidio
539 1193 632 1266 pars
643 1173 790 1239 corticis
802 1173 910 1241 unius
926 1168 1214 1266 ovigullinacei,
1231 1191 1291 1237 non

304 1289 344 1359 in
358 1285 473 1358 eorde
489 1285 599 1373 vidit,
613 1283 731 1360 sedin
738 1286 944 1360 substantio
946 1285 1145 1385 pulmonis
1158 1292 1195 1356 in
1202 1297 1293 1384 porte

303 1411 463 1477 sinistra.
483 1406 605 1494 Quam
618 1403 796 1474 Comacis
813 1402 1167 1492 hallucinationem,
1184 1425 1290 1500 quam·

304 1525 360 1596 vis
378 1525 416 1592 in
434 1520 682 1620 Sepulchreto
693 1536 860 1607 auctam,
879 1520 947 1592 ubi
961 1523 1145 1619 scriptum
1164 1535 1217 1592 est
1231 1544 1291 1588 me·

302 1627 503 1738 gnitudine¹
517 1645 578 1711 ovi
594 1636 814 1735 gallinacei,
844 1637 907 1710 hic
926 1637 1088 1710 liberiter
1115 1637 1290 1736 praeteriit

307 1781 404 1845 sem,
422 1757 510 1844 nisi,
528 1757 583 1826 uti
602 1779 690 1826 mox
705 1754 866 1843 videbis,
884 1756 1093 1827 necessario
1114 1755 1210 1828 mihi
1224 1750 1291 1824 fuis·

310 1890 365 1946 set
381 1871 714 1944 commemoranda
734 1872 796 1944 hic
816 1889 1011 1944 servaturo
1031 1872 1141 1970 quod
1162 1869 1291 1972 promisi

307 1990 440 2064 litteris
461 1989 720 2090 superioribus
737 1991 750 2072 s
757 1991 808 2083 1),
829 1991 1008 2062 nimirum
1025 2005 1067 2061 ut
1087 2009 1291 2088 quaererem,

309 2135 402 2182 num
431 2133 578 2209 semper
601 2133 687 2181 cum
714 2107 905 2180 ulceribus
935 2108 1060 2180 cordis
1086 2111 1166 2180 sint
1181 2121 1216 2179 et
1233 2107 1292 2176 ani-

310 2227 363 2296 mi
385 2223 615 2298 deiectiones
647 2221 683 2297 et
712 2225 887 2324 pulsuum
908 2227 1206 2298 intermissiones
1225 2247 1293 2295 eon-

309 2345 459 2440 junctae.
921 2329 923 2334 ¹

269 2497 271 2503 s
363 2485 419 2533 20.
439 2466 533 2532 Cum
545 2461 651 2531 enim
666 2462 858 2532 Banivenii
872 2459 1108 2549 observatio,
1131 2473 1202 2562 φο
1222 2483 1290 2558 pau«

312 2603 362 2650 cae
381 2605 426 2649 ex
442 2579 486 2650 iis
497 2577 624 2650 multis
638 2587 721 2676 quae
738 2579 837 2650 illam
858 2595 1084 2678 suntpostea
1095 2591 1290 2656 consecuta

312 2711 376 2767 aut
392 2710 629 2793 prorsusaut
649 2697 765 2794 magis
782 2721 896 2794 quam
919 2696 1053 2768 vellem
1079 2698 1216 2793 jejunat
1238 2695 1291 2765 sint

300 2813 417 2912 ¹quod
432 2812 479 2884 ad
497 2837 539 2884 ea
559 2815 691 2896 attinet
711 2839 794 2910 quae
807 2829 1087 2912 precesserant,
1107 2835 1290 2888 memoran-

312 2931 380 3021 da,
400 2947 441 3004 ut
458 2946 563 3003 tanto
581 2931 699 3029 pluris
718 2929 895 3002 faciende
913 2933 987 3005 sint
1003 2931 1085 3002 duae
1100 2933 1171 3003 illae
1188 2929 1290 3030 proxi·

311 3074 398 3136 mae,
429 3050 702 3123 Viennensium
725 3065 761 3122 et
783 3053 933 3137 Massa,
960 3075 1122 3146 quorum
1146 3050 1199 3120 illi
1225 3058 1289 3118 ante

312 3163 488 3238 iethalem
506 3191 709 3264 syncopem
722 3165 842 3238 inulta
860 3181 896 3238 et
912 3167 1044 3238 crebra
1055 3192 1100 3238 eo
1116 3177 1213 3238 anno
1224 3184 1289 3261 pra

313 3307 436 3380 gressa
463 3282 601 3355 docent
619 3264 733 3354 animi
756 3285 938 3382 deliquia,
964 3283 1027 3356 hic
1048 3286 1195 3356 veroin
1212 3301 1288 3350 mor·

313 3413 380 3472 tuo
402 3402 569 3498 alioquin
596 3429 640 3474 ex
664 3402 850 3473 vulnerati
877 3404 1008 3500 capitis
1033 3405 1072 3473 in
1093 3401 1241 3474 cerebro
1263 3407 1289 3464 et

313 3518 500 3598 cerebello
529 3519 843 3616 apostematibuS,
872 3520 968 3592 nihil
1001 3522 1197 3618 signorum
1216 3537 1288 3614 pra·

311 3632 424 3708 fuisse
443 3660 525 3732 quae
551 3636 597 3706 ad
622 3639 930 3725 comminarent,
954 3637 1121 3727 indicare
1149 3635 1288 3727 videtum
