2816 4668
324 423 394 512 462
491 443 537 490 na
562 442 708 490 annisus
733 441 777 488 nr
802 439 927 490 cauus
952 437 1166 493 nonnonuu
1388 369 1389 414 ¹

317 561 408 633 titus
427 559 477 628 ita
494 557 742 653 languerent,
756 569 798 626 ut
812 579 955 654 magnac
970 559 1138 648 arteriae,
1156 577 1197 630 et
1212 557 1338 631 cordis

319 678 407 776 uitia
431 675 522 750 illuc
546 673 711 771 denique
741 694 943 772 progressa
967 699 1047 772 quo
1080 677 1336 764 ostendimus,

319 791 575 892 requirebant.
597 797 678 862 Huc
697 793 856 890 insuper
874 791 969 862 illud
985 793 1213 881 accedebat,
1232 797 1332 892 quod
1390 857 1391 862 ,

306 907 358 986 ,ἰὴ
372 911 607 984 dessectione
626 907 931 980 animadversum
944 925 1022 1000 est3
1037 925 1082 982 ut
1097 912 1330 984 laxissimnm
1390 965 1391 994 ,

319 1029 518 1103 cerebrum
543 1027 698 1114 sileam3
722 1025 969 1124 diaphragma
996 1029 1229 1126 priusquam
1252 1030 1329 1100 tbo·
1390 995 1392 1110 d

318 1173 385 1221 rax
401 1149 664 1244 attingeretur,
685 1145 889 1242 utrinque,
912 1169 991 1216 non
1014 1147 1254 1236 ascendere,
1272 1149 1326 1220 sed
1391 1129 1392 1170 ³

319 1265 522 1338 concidere
538 1290 545 1332 :
561 1261 666 1360 quod
686 1263 717 1334 si
735 1263 912 1334 extremis
926 1263 999 1334 illis
1011 1262 1326 1364 diebusaliquau·

319 1399 431 1456 tenus
444 1382 522 1477 jam
545 1377 628 1450 fieri
645 1379 859 1477 inceperat,
881 1378 1023 1452 obvim
1044 1404 1085 1452 se
1102 1383 1324 1456 restituendi

318 1502 358 1572 in
386 1499 486 1570 illius
511 1497 691 1569 musculis
721 1495 967 1585 infirmatam3
988 1493 1096 1570 facile
1119 1499 1260 1590 vides,
1276 1526 1326 1575 eas
1392 1515 1393 1530 ³

320 1615 611 1715 diaphragmatis
632 1627 758 1714 partes
776 1615 879 1686 unde
895 1616 1005 1712 jecur
1020 1639 1090 1714 per
1110 1615 1327 1705 dexterum,

320 1737 591 1832 sinistrumque
623 1733 852 1821 vinculum,
886 1749 923 1805 et
958 1735 1033 1804 lieu
1063 1749 1231 1832 quoque
1268 1761 1324 1834 per

320 1875 430 1926 suum
448 1849 756 1950 suspenduntur,
790 1848 930 1921 horum
945 1851 1135 1924 viscerum
1160 1852 1323 1950 pondere

318 1971 418 2045 trabi
429 1969 619 2055 deorsum,
630 1967 818 2064 simulque
831 1981 963 2055 costas,
976 1970 1117 2068 quippe
1131 1968 1325 2068 diaphrag-

320 2089 410 2162 mati
424 2085 697 2174 annexas„boc
715 2087 825 2183 sequi
839 2085 1023 2159 debuisse.

370 2207 632 2278 ademeram
654 2204 695 2272 in
726 2219 833 2274 casus
863 2203 907 2274 iis
934 2203 1159 2302 simssesqui
1180 2205 1324 2276 anobis

320 2348 433 2422 supra
452 2321 630 2420 descripti
650 2335 758 2408 sunt,
775 2335 886 2391 antea
902 2343 1055 2418 quoque
1066 2321 1162 2393 alios
1176 2323 1322 2394 incidis·

320 2465 358 2514 se
383 2463 426 2511 ex
443 2451 548 2537 parte
564 2441 719 2526 scimus,
737 2461 783 2508 ex
799 2451 907 2536 parte
923 2449 1050 2510 autem
1076 2441 1318 2538 suspicamur.

319 2556 521 2631 Boschium
550 2557 689 2629 scimus
721 2557 777 2627 bis
798 2555 959 2645 vidisse3
980 2558 1032 2628 sic
1051 2559 1154 2628 enim
1184 2557 1268 2658 lege
1288 2559 1321 2627 iu

320 2669 484 2749 sectione
501 2677 587 2745 VIIl
603 2673 690 2745 libri
710 2677 745 2744 ΙΙ
761 2673 997 2772 Sepulcbreti
1009 2674 1076 2772 (1),
1093 2673 1134 2746 id
1149 2675 1322 2750 observa·

319 2810 401 2866 tum
418 2792 549 2864 abillo
574 2795 684 2864 bisin
705 2790 827 2864 cordis
839 2790 1100 2892 palpitatione
1121 2793 1321 2865 laboranti·
1396 2867 1397 2894 ἶ

319 2914 409 3001 bus,
430 2912 497 3009 qui
513 2925 634 2983 aortoe
648 2915 800 2982 artertae
816 2916 947 2982 tunicas
961 2909 1150 2999 dilatatas,
1165 2911 1321 2983 velutin

318 3032 515 3103 subitanea
534 3043 653 3100 morte
666 3032 829 3128 correpti
845 3043 950 3115 sunt,
968 3033 1059 3126 quia
1075 3033 1233 3126 sanguis
1251 3035 1319 3128 spi-

317 3155 479 3220 rituosus
495 3145 600 3218 velut
608 3167 798 3244 praeceps,
819 3149 857 3214 in
886 3149 1049 3215 tunicam
1078 3145 1199 3233 hanc,
1223 3153 1322 3244 peri·

316 3265 487 3336 nardium
500 3263 860 3352 dt'ctam,·irruerat,
875 3262 976 3334 unde
993 3285 1060 3334 cor
1080 3262 1233 3336 dilatari
1245 3287 1318 3336 non

316 3397 475 3481 poterat.
509 3381 751 3478 suspicamur
782 3395 926 3468 autem,
957 3403 1044 3450 curn
1078 3382 1117 3450 in
1156 3383 1320 3454 sectione

316 3500 387 3572 hac
402 3503 454 3570 XI
470 3498 525 3596 (a)
539 3498 717 3596 legimus,
734 3496 781 3568 ab
800 3503 858 3566 ira
875 3513 1025 3595 repente
1033 3505 1247 3587 mortuum,
1261 3523 1321 3597 pe·

315 3616 520 3691 ricardium
538 3620 719 3712 sanguine
738 3614 919 3714 repletum
937 3614 1145 3688 ostendisse
1167 3644 1176 3687 ε
1200 3623 1320 3688 inven-

355 3899 399 3982 (1)
420 3901 492 3958 Oba.
512 3900 566 3970 26,
582 3903 599 3972 ς
615 3919 640 3955 ι.

355 3999 400 4077 (a)
420 3999 493 4057 Oba.
507 3997 535 4057 8.
