2820 4668
305 419 382 516 2¹76
473 469 520 516 nn
546 465 691 517 sturnus
716 467 760 514 rr
786 465 909 516 crusis
934 465 1147 513 nonronurt

307 579 367 651 his
387 580 513 658 addita
527 581 574 653 ad
592 595 831 653 curvaturam
848 578 1016 651 dilatatio
1027 595 1111 650 tum
1125 597 1325 649 remoran-

308 696 360 770 do
377 701 619 796 sanguinem,
633 713 716 770 tum
724 699 852 770 minus
865 696 1118 796 propellendo
1128 707 1320 792 quantum

311 831 469 903 noceat,
489 831 544 889 est
564 815 728 903 anobis,
746 830 789 887 ut
804 829 934 920 eastern
947 814 1027 896 illa,
1039 838 1121 884 non
1133 811 1258 884 semel
1266 835 1320 882 ex·

311 935 498 1034 positum,
516 949 650 1006 utnon
666 935 712 1006 sit
730 931 847 1006 fusius
865 931 1091 1006 iterandum.
1109 932 1180 1002 His
1191 931 1244 1001 ita
1258 952 1322 1026 po·

313 1051 392 1124 sitis
407 1053 434 1122 si
449 1051 600 1124 accedat
615 1051 857 1138 concitatior,
871 1072 1115 1147 quacumque
1132 1047 1183 1119 de
1202 1070 1318 1134 causa,

314 1171 501 1266 corporis,
518 1185 554 1241 et
567 1169 672 1266 quod
690 1169 955 1268 consequitur,
967 1168 1163 1266 sanguinis
1176 1180 1317 1252 motus,

313 1286 419 1359 vides
436 1302 537 1360 certe
553 1311 632 1360 esse
652 1288 837 1386 imparem
856 1300 999 1358 aortam
1018 1286 1054 1357 ei
1068 1285 1183 1383 operi
1199 1299 1238 1356 et
1254 1307 1318 1353 ma·

316 1405 375 1502 gis
387 1421 425 1476 et
439 1405 599 1477 celerius
616 1401 838 1492 efficiend0,
854 1406 916 1476 eui
937 1417 1044 1476 antea
1061 1403 1127 1473 vix
1143 1427 1219 1501 par
1236 1415 1315 1474 erat

315 1519 563 1596 Acervabitur
578 1523 693 1621 igitur
712 1521 865 1594 uberior
888 1523 1032 1594 interea
1053 1535 1245 1592 convecta
1262 1543 1320 1617 per

316 1663 432 1714 venas
449 1641 558 1739 copia
577 1642 789 1739 sanguinis,
806 1641 1054 1738 restitansque
1062 1640 1104 1709 in
1116 1653 1230 1710 aorta
1239 1639 1319 1736 ipsa,

319 1760 359 1832 in
379 1757 493 1830 corde
512 1773 548 1829 et
565 1758 792 1856 pulmonum
810 1759 927 1846 vasis,
950 1771 987 1828 et
1003 1782 1101 1828 vena
1118 1780 1235 1846 cava,
1250 1779 1319 1826 non

320 1901 364 1950 ea
377 1876 493 1948 modo
509 1878 642 1973 quaein
661 1878 810 1948 vivente
825 1875 897 1948 hac
912 1876 1071 1948 muliere
1093 1873 1244 1946 fiebant
1264 1899 1321 1944 an·

320 2019 474 2094 gorem,
491 1993 657 2091 spirandi
669 1993 948 2084 difficultatem,
959 2009 1157 2091 stuporem
1170 1990 1324 2077 brachii,

322 2127 385 2184 aut
400 2135 483 2210 quae
499 2113 539 2182 in
559 2127 709 2185 mortua
728 2127 817 2184 suut
833 2112 1049 2198 observata,
1068 2110 1325 2182 dilatationem

322 2229 496 2300 videlicet
516 2229 679 2327 aliquam
704 2230 868 2302 caudicis
887 2255 990 2302 venae
1014 2228 1276 2326 pulmonaris‚
1294 2238 1326 2294 et

324 2347 479 2416 nimiam
498 2348 571 2420 seri
584 2349 623 2418 in
639 2346 842 2438 bronchia,
859 2362 896 2420 et
905 2347 1072 2419 thoracis
1087 2370 1224 2418 caveas
1242 2340 1325 2416 effu·

325 2464 492 2552 sionem,
508 2490 588 2535 non
602 2467 737 2554 modu,
755 2468 932 2565 inquam,
962 2489 1005 2536 ea
1029 2461 1155 2535 facere
1176 2463 1326 2562 potent,

326 2580 391 2653 sed
415 2606 484 2678 pro
506 2583 670 2680 partium
687 2583 932 2682 dispositione
949 2583 1060 2681 plura
1082 2583 1199 2654 etiam
1221 2595 1326 2676 atque

327 2700 507 2797 graviora.
529 2701 718 2790 Quoniam
737 2717 863 2773 autem
883 2699 945 2771 iila
965 2701 1093 2771 omnia
1111 2715 1230 2771 aortae
1246 2699 1326 2768 vitia

328 2820 466 2890 sensim
489 2818 664 2915 quidem,
680 2819 745 2890 sed
763 2821 881 2918 magis
900 2819 1092 2917 magisque
1111 2818 1261 2889 indies
1274 2840 1326 2886 au·

245 2981 248 2990 =
298 3000 304 3020 ,
329 2934 535 3033 gebantur3
549 2961 628 3007 non
645 2935 859 3006 mirandum
874 2951 946 3023 est,
967 2937 997 3008 si
1009 2960 1056 3006 eo
1073 2935 1235 3007 demum
1252 2957 1327 3032 per·

328 3055 521 3142 venerint,
541 3069 649 3126 aucta
670 3054 783 3126 simul
796 3052 950 3128 fortasse
967 3069 1033 3126 aut
1048 3055 1159 3152 copia
1173 3069 1242 3124 aut
1264 3068 1328 3124 tur·

330 3173 475 3268 gentia,
494 3186 557 3242 aut
579 3186 681 3244 certe
697 3171 747 3243 ob
764 3171 957 3245 insolitum
974 3173 1014 3242 in
1029 3177 1177 3244 Veneta
1201 3169 1329 3242 femina

330 3287 456 3358 rhedae
485 3305 653 3377 motum,
680 3288 873 3388 sanguinis
903 3290 1180 3377 concitatione,
1205 3304 1252 3360 ut
1278 3289 1330 3358 h'e

330 3405 522 3492 restitans,
538 3409 755 3504 promoveri
764 3407 924 3504 amplius
937 3431 1017 3478 non
1032 3408 1214 3504 potuerit.
1228 3402 1331 3496 Quod

333 3523 363 3594 si
386 3521 465 3592 haec
485 3537 521 3594 te
550 3520 645 3596 forte
667 3525 843 3596 universa
869 3548 955 3594 non
977 3538 1150 3612 movent,
1173 3544 1330 3622 quorum

332 3663 431 3727 unu,
451 3641 566 3712 osseis
582 3641 757 3712 videlicet
772 3645 812 3711 iu
831 3655 935 3712 aorta
952 3641 1181 3737 squammis,
1201 3641 1262 3712 vir
1285 3641 1332 3709 in·

333 3759 630 3854 geniosissimus,
644 3782 811 3856 quocum
824 3783 905 3831 eam
919 3758 1118 3830 mulierem
1132 3760 1250 3845 secui,
1259 3762 1334 3830 San·

333 3876 481 3947 torinus
500 3875 818 3974 permovebatur,
843 3892 887 3950 ut
905 3878 948 3948 in
965 3891 1134 3950 extrema
1156 3875 1230 3948 hac
1244 3875 1335 3974 epis·
