2850 4668
152 481 221 530 tra.
249 481 289 530 u.
317 481 364 530 na
389 478 745 558 nasammonas,
770 482 882 530 nerse.
908 483 982 531 xxi.
1035 461 1080 534 33

81 617 165 668 cum
191 595 311 694 sputis
333 592 607 690 rejiciebantur.
628 594 746 665 Facile
770 591 909 666 fuerint
934 620 975 667 re
1001 597 1082 694 ipsa

82 712 281 811 polyposae.
297 715 347 783 Ut
360 712 459 783 enim
473 709 675 809 aliquando
691 712 730 780 in
745 725 871 797 uteru,
890 726 925 782 et
937 713 1083 784 intesti-

83 832 139 901 nis
171 856 218 902 ex
242 829 389 902 viscidis
412 829 645 925 corpusculis
667 830 706 898 in
731 853 850 900 unum
878 832 1084 928 compactis

84 945 177 1019 fiunt
187 947 377 1045 polyposae
389 947 666 1033 concretiones,
681 971 748 1016 cur
761 970 840 1018 non
851 947 960 1018 etiam
972 947 1012 1017 in
1027 971 1084 1026 as·

87 1088 174 1162 pera
182 1063 342 1135 arteria?
360 1063 460 1152 Quin
472 1075 511 1134 nt
525 1062 606 1133 illas
615 1062 776 1134 vidimus
789 1065 903 1150 uteri,
920 1079 956 1134 et
975 1065 1086 1137 intes·

89 1182 255 1257 tinorum
271 1177 428 1250 formam
444 1177 665 1266 referentes,
677 1179 727 1271 ita
744 1179 812 1252 has
826 1182 965 1278 pariter
977 1163 1089 1254 cons·

87 1300 257 1395 peximus
269 1299 307 1368 in
325 1281 560 1368 adolescente
576 1299 779 1394 praesertim
797 1300 863 1394 qui
878 1324 978 1370 anno
996 1306 1089 1398 1704

89 1415 125 1484 in
141 1417 372 1487 Bononiensi
386 1417 607 1486 nosocomio
624 1419 657 1485 S.
676 1416 800 1486 Mariae
817 1415 863 1486 de
881 1419 955 1488 vita
972 1443 1017 1490 ex
1028 1443 1090 1516 pe·
1182 1496 1185 1501 ,

88 1533 352 1630 ripneumonia
367 1531 632 1620 decumbebat,
650 1557 726 1629 qua
743 1535 852 1604 etiam
871 1535 1000 1632 paucis
1013 1534 1090 1606 die-

88 1647 157 1721 bus
174 1652 401 1738 extinctum3
417 1650 481 1722 sed
499 1674 577 1737 non
601 1649 826 1738 dissectum,
843 1675 1090 1750 quaecumque

90 1763 200 1846 fuerit
229 1773 337 1841 cansa
370 1765 481 1839 fuisse
516 1767 680 1838 memini.
709 1771 802 1838 Cum
836 1771 937 1840 enim
963 1785 1090 1866 sputa,

90 1907 207 1981 eaque
225 1885 387 1982 plurima
406 1897 662 1980 expectoraret
679 1883 803 1978 qualia
816 1908 886 1954 nec
902 1887 928 1954 ii
943 1885 1094 1980 quidiu

89 2003 196 2098 aegris
212 2002 477 2083 inservierant,
496 2021 567 2068 nec
587 1997 755 2068 medicus
771 2000 849 2095 ipse
866 2001 1093 2072 exercitatis-

92 2119 211 2189 simus
237 2117 326 2186 alias
343 2115 475 2186 vidisse
494 2112 800 2203 recordarentur,
826 2140 871 2186 ex
891 2114 985 2186 albis
1000 2113 1094 2188 frus·

90 2235 198 2321 tulis,
216 2235 395 2331 sanguine
409 2248 446 2304 et
457 2256 589 2330 spuma
604 2233 782 2329 aspersis,
796 2235 1019 2322 constantia3
1033 2235 1096 2306 ali·
1186 2273 1188 2282 ι

93 2354 151 2422 cui
165 2367 337 2423 nostrum
354 2352 471 2421 visum
491 2363 546 2421 est
560 2363 603 2419 ut
615 2364 724 2446 sputa
740 2347 802 2421 illa
816 2352 993 2424 examinis
1011 2377 1094 2450 gra-

96 2469 143 2538 tia
154 2470 193 2539 in
211 2493 345 2565 aquam
363 2467 532 2562 conjecta
544 2467 788 2564 agitarentur3
809 2467 913 2563 quod
926 2467 1016 2538 dum
1030 2469 1094 2541 fie-

95 2601 169 2674 ret,
187 2583 387 2660 frustulum
409 2583 570 2654 vidimus
586 2605 631 2654 'se
654 2606 691 2654 se
715 2580 884 2656 dividere
910 2585 950 2656 in
970 2611 1096 2662 ramos

97 2713 188 2790 tres,
207 2701 276 2774 bos
299 2717 426 2773 autem
445 2700 611 2797 singulos
632 2701 672 2770 in
691 2701 925 2773 ramusculos
950 2703 1097 2799 plures,

100 2822 163 2916 qui
175 2821 326 2894 demum
342 2821 380 2888 in
397 2818 520 2915 capilli
533 2819 751 2888 tenuitatem
762 2817 993 2922 desinebant.
1010 2826 1098 2894 Pos-

101 2947 156 3007 tea
172 2954 295 3009 autem
313 2935 413 3034 apud
429 2935 473 3007 cl.
488 2933 764 3034 Cheseldenum
775 2935 829 3030 (ι’)
840 2937 977 3032 pictam
995 2961 1098 3010 cons·
1178 2935 1180 2938 ’

103 3057 268 3148 peximus
277 3051 460 3150 ejusmodi
472 3052 749 3123 concretionem
762 3053 935 3147 rejectam
946 3077 990 3122 ex
1000 3077 1098 3152 aspe-

104 3191 140 3238 ra
152 3173 303 3254 arteria,
314 3169 839 3267 uthujusdivisionismodum
858 3169 1040 3242 ostendat.
1054 3175 1100 3250 Et

106 3289 378 3361 tancrediimus
389 3290 427 3359 in
444 3287 1100 3384 memoriam,apudquosa'nteaalias

105 3397 318 3498 hujusmodi
344 3406 628 3478 concretionum
651 3403 837 3500 imagines·
854 3403 1098 3478 vidissemus:

107 3522 265 3612 primum
280 3520 554 3618 videlicetapud
573 3519 803 3616 Ruyschium
814 3518 885 3615 (a),
896 3522 962 3617 qui
975 3523 1034 3590 vel
1044 3547 1100 3593 ca·

109 3635 251 3728 pidaras
263 3638 439 3736 expressit
450 3636 698 3730 ramusculos3
710 3636 773 3708 sed
789 3659 874 3706 cum
885 3637 1100 3728 admonuit,

114 3809 1105 3837 Ἣ

146 3920 187 3994 υ)
207 3926 293 3979 Anat.
306 3922 342 3978 of
356 3905 403 3976 the
419 3918 498 3978 hum.
514 3921 605 3994 body,
618 3920 679 3976 tab.
697 3940 743 3996 19.
802 3975 804 3978 ,

147 4016 187 4094 (²)
209 4025 293 4102 Resp-
306 4022 345 4080 ad
357 4022 450 4098 Epist.
465 4021 564 4098 probl.
578 4021 612 4094 6,
628 4021 678 4098 fig.
692 4029 720 4088 4.
1029 4033 1031 4042 ,

175 4116 207 4190 a.
907 4116 929 4186 3
978 4118 980 4123 -
