2824 4668
294 457 365 544 340
457 479 503 525 nu
529 477 675 526 sumnus
700 477 745 524 m
770 473 894 526 cauus
919 475 1129 528 uounonuu

291 592 598 690 prehenduntur,
617 588 826 688 piaesertim'
842 615 929 663 cum
943 569 1200 691 tota'epistola
1214 595 1302 666 satis

288 710 463 783 ostendat
499 723 642 806 quanto
678 706 911 806 probabilius
947 711 994 781 sit
1026 711 1188 808 polypos
1219 735 1299 782 uon

290 830 360 900 nisi
377 842 463 927 post
475 841 636 898 mortem
651 826 854 923 compingi.
866 830 961 897 Cum
973 825 1040 899 has
1050 828 1194 899 litteras
1204 829 1251 899 ad
1261 844 1297 900 te

290 971 393 1018 meas
416 944 938 1040 recognoscerem,eximium
960 943 1007 1016 de
1027 944 1141 1017 corde
1161 961 1298 1016 tracta·

289 1081 370 1136 tum
399 1062 555 1134 illustris
584 1061 730 1131 Senacii
755 1061 795 1130 iu
816 1083 971 1132 manum
994 1062 1157 1160 sumpsi,
1178 1078 1295 1135 etca-

287 1197 357 1280 put
376 1180 447 1277 (1)
465 1177 569 1277 quod
587 1177 634 1248 de
656 1177 782 1249 cordis
800 1178 950 1276 polypis
970 1194 1026 1250 est
1040 1180 1294 1276 inscriptum,

286 1299 447 1398 perlegi,
461 1298 683 1396 gavisusque
699 1319 780 1368 sum
798 1297 878 1393 ejus
894 1321 1050 1394 quoque
1063 1297 1211 1394 judicio
1224 1300 1294 1368 im-

285 1414 439 1515 probari
456 1412 511 1512 (α)
530 1415 596 1512 qui
612 1414 717 1511 signa
738 1414 887 1512 polypi,
914 1430 951 1486 et
972 1416 1011 1484 in
1035 1414 1094 1487 his
1112 1417 1293 1513 pulsuum

285 1533 574 1632 inaequalitatem
590 1531 733 1629 polypo
751 1529 917 1603 tribuere
928 1532 1166 1635 maluerunt,
1179 1557 1292 1632 quam

284 1653 382 1724 vitiis
405 1650 515 1724 simul
540 1673 628 1722 cum
652 1649 795 1748 polypo
812 1649 1078 1748 deprehensis,
1091 1653 1132 1720 in
1157 1649 1292 1749 hisque

216 1756 222 1766 ’
284 1769 442 1842 dilatatae
466 1767 591 1841 cordis
614 1768 808 1838 auriculse:
825 1791 954 1840 nonne
971 1767 1062 1841 huic
1082 1767 1292 1842 dilatationi

166 1967 174 1984 ‚
283 1886 485 1960 tribuenda
500 1901 629 1974 erant,
648 1885 789 1982 inquit,
809 1875 1058 1985 symptomata
1079 1888 1229 1972 omnia,
1256 1900 1290 1960 et

283 2005 363 2104 ipse
382 2005 573 2104 polypus?
590 2002 662 2075 Sed
675 2025 762 2074 cum
774 2003 937 2102 plurima
949 2003 1020 2075 alia
1036 2003 1151 2076 habet
1168 2006 1289 2102 singu·

282 2123 351 2194 lari
376 2123 486 2195 laude
506 2121 707 2222 perdigna,
732 2136 812 2193 tum
829 2121 924 2193 illud
947 2123 987 2192 iu
1012 2123 1162 2221 primis,
1185 2120 1287 2220 quod

281 2239 472 2312 difficilem
488 2264 525 2312 se
539 2238 679 2338 praebet
696 2241 735 2310 in
752 2241 850 2312 veris
864 2239 1014 2339 polypis
1030 2255 1068 2312 et
1085 2263 1287 2338 agnoscen-

281 2357 360 2445 dis,
377 2374 414 2428 et
430 2357 705 2455 dignoscendis.
726 2362 848 2430 Ilaros
863 2359 964 2429 enim
980 2357 1140 2429 intanto
1153 2383 1287 2430 nume·
1400 2453 1401 2456 Ἴ

281 2499 325 2545 ro
344 2499 421 2546 osse
440 2479 490 2545 ait
506 2473 577 2572 (3),
595 2499 692 2571 quos
708 2499 780 2573 pro
801 2476 898 2548 venis
917 2491 1119 2573 agnoscat:
1143 2491 1285 2548 etcum
1399 2555 1400 2558 Ἴ

279 2591 417 2662 horum
433 2588 588 2664 effectus
604 2589 757 2664 eosdem
773 2615 852 2664 esse
872 2589 1052 2680 affirmet,
1068 2617 1112 2664 ac
1126 2607 1186 2664 tot
1196 2593 1284 2666 alio·

276 2733 363 2780 rum
378 2709 552 2798 obicum,
571 2709 700 2781 cursui
720 2711 912 2808 sanguinis
932 2691 1001 2808 pen
1018 2735 1084 2782 cor
1105 2735 1143 2782 se
1167 2735 1283 2810 oppo-

275 2829 446 2900 nentium
460 2855 473 2917 ;1
486 2830 547 2898 vix
566 2826 721 2899 taudem
736 2828 807 2900 soli
823 2828 1004 2926 pulsuum
1018 2829 1279 2927 inaequalitati,

249 2961 251 2968 '
278 2947 389 3043 eique
399 2947 579 3032 varianti,
591 2939 672 3016 ‘hoc
692 2945 842 3036 tribuit3
864 2971 943 3018 uon
961 2948 1038 3044 jam
1058 2947 1164 3046 quod
1187 2946 1283 3020 fece·

276 3079 364 3134 rant
377 3065 458 3152 alii,
477 3078 520 3134 ut
536 3061 625 3133 inde
638 3063 800 3162 polypos
813 3065 1096 3162 dignoscamus,
1117 3065 1182 3138 sed
1203 3081 1283 3137 tan-

272 3179 475 3250 tummodo
497 3195 539 3251 ut
560 3186 795 3278 suspicemur.
824 3183 1085 3282 suspicemur,
1109 3183 1284 3280 inquam,

277 3297 402 3396 neque
422 3299 523 3368 euim
539 3289 811 3396 fugereipsum
831 3316 997 3398 poterat,
1015 3316 1149 3399 praeter
1175 3302 1283 3400 poly-

275 3435 393 3510 pum,
421 3413 514 3486 alios
538 3438 616 3486 esse
646 3413 773 3489 obices
797 3417 907 3489 etiam
937 3419 1215 3506 inconstantes,
1242 3433 1282 3489 ut

276 3545 367 3628 puta
384 3555 405 3603 a
424 3532 524 3602 varia
535 3526 743 3604 nervorum
756 3535 980 3623 irritatione,
995 3559 1078 3632 quae
1093 3539 1124 3607 si
1139 3536 1181 3606 in
1192 3559 1279 3607 ner-

313 3827 357 3906 lt)
377 3831 410 3886 L.
432 3831 588 3900 6,ch.1o.

312 3928 357 4006 (a)
378 3931 415 3986 N.
436 3949 482 3986 ιο.
689 3929 695 3944 ’

308 4026 354 4105 (3)
374 4031 412 4086 N.
433 4048 462 4108 9.
