2808 4664
327 463 396 554 274
494 481 540 526 nr
567 479 712 528 sumans
738 482 781 528 er
807 479 931 530 crosis
956 481 1166 530 nonnosum

324 593 447 665 medio
477 593 660 690 relinquo.
695 593 850 664 Memini
879 609 979 666 certe
1010 595 1206 692 cujusdam
1234 602 1324 668 Har-

322 712 393 783 veii
407 709 461 806 (1)
480 709 774 798 observationis,
793 735 906 808 quam
922 715 961 782 in
978 713 1228 809 Sepulchreto
1246 739 1321 784 non

266 903 268 908 ,
322 829 495 914 iuveni0‚
513 852 650 924 nempe
664 829 701 896 in
719 852 794 924 quo
808 853 1032 918 aneurysma
1042 830 1322 928 deprehensum

324 961 380 1018 est
399 951 436 1016 in
447 946 605 1016 dextera
617 945 881 1042 partejugnlc',
889 971 1016 1044 prope
1032 947 1251 1018 descensum
1266 974 1322 1018 ar·

325 1069 428 1134 terite
439 1061 640 1133 subclnvt'oe
654 1067 692 1131 in
709 1060 866 1150 aurillac,
880 1065 930 1134 ab
948 1070 1061 1161 ipsius
1076 1071 1232 1142 arteriae
1246 1091 1322 1136 exe·

323 1187 426 1256 sione
437 1195 722 1276 prognatum...
744 1176 862 1248 inille
875 1179 1030 1278 pulsum
1051 1181 1219 1277 ejusdem
1240 1183 1319 1252 bra-

324 1295 400 1368 cln't‘
423 1294 556 1365 exilem
578 1294 782 1366 admodum
808 1292 941 1384 fuisse,
960 1321 1004 1368 eo
1029 1299 1153 1395 quod,
1172 1301 1318 1396 inquit,
1397 1387 1398 1404 χ

323 1414 447 1507 major
456 1417 644 1508 sanguinis
652 1416 783 1509 portio
797 1427 833 1482 et
847 1414 1011 1510 influxus
1024 1421 1061 1485 in
1075 1430 1263 1486 tumorem
1277 1415 1321 1486 di-

317 1531 542 1604 vertebatur.
559 1527 668 1600 Unde
682 1551 773 1599 vero
790 1529 830 1598 in
846 1529 965 1602 multo
978 1530 1151 1604 breviore
1174 1532 1320 1620 morbo,
1397 1577 1398 1582 κ

323 1647 657 1745 peripneumonia,
679 1643 818 1718 lactum
838 1647 1005 1721 dicemus
1025 1663 1065 1719 ut
1086 1648 1148 1721 ille
1173 1649 1224 1721 de
1251 1675 1320 1747 qno
1397 1711 1398 1718 ,

323 1761 1320 1864 estsectionishujusobservatioXXX,liaberetpulrus

324 1887 362 1952 in
375 1881 510 1953 dextra
524 1883 732 1972 manufere
748 1881 910 1954 abolitos
925 1884 944 1952 l
962 1907 1010 1953 an
1027 1882 1128 1953 unde
1146 1881 1319 1954 ohserva-

322 1999 436 2070 tionis
450 2013 581 2070 auctor
597 1999 646 2068 ait
661 2051 670 2084 ‚
683 2000 851 2085 saxonia,
866 1998 972 2095 qnod
980 1998 1113 2070 durior
1125 2002 1320 2097 majorque

323 2123 360 2188 in
387 2116 543 2188 dextero
565 2114 745 2214 pulmone
761 2131 858 2186 esset
877 2119 1124 2212 inflammatio
1138 2119 1163 2185 l
1180 2119 1219 2188 Si
1238 2117 1317 2188 inde

322 2232 410 2318 fuit,
431 2259 524 2303 num
543 2249 741 2330 propterea
760 2230 830 2304 fnit
849 2233 951 2330 quod
970 2233 1017 2306 ab
1035 2234 1225 2329 ejusmodi
1247 2236 1319 2332 pul·

324 2376 437 2422 mone
467 2351 637 2446 proxima
662 2349 816 2420 dextera
849 2353 1164 2450 comprimeretur
1189 2354 1318 2424 arteria
1396 2411 1397 2416 ,

323 2465 538 2540 subclavial
558 2468 602 2535 At
630 2467 661 2536 si
676 2464 750 2536 hoc
773 2469 969 2563 ponimuS‚
996 2468 1180 2538 continno
1214 2467 1320 2540 nobis
1396 2489 1397 2564 ξ

322 2582 527 2680 videndum
547 2598 621 2669 est,
650 2607 718 2652 cur
737 2583 776 2652 in
804 2583 975 2681 paribus,
1001 2609 1082 2681 qnae
1108 2599 1213 2656 certe
1247 2611 1318 2658 non
1396 2567 1397 2578 ἵ

322 2726 413 2772 raroe
423 2715 529 2788 sunt,
542 2701 678 2772 summi
690 2701 881 2798 pulmonis
890 2702 1104 2773 alterutrius
1117 2700 1320 2776 inflamma·

323 2817 489 2890 tionibus
501 2841 580 2889 non
595 2841 721 2915 parem
737 2818 868 2914 pulsus
883 2819 1051 2914 ejusdem
1064 2820 1192 2891 lateris
1204 2820 1318 2893 aboli-

321 2938 464 3008 tionem
494 2932 832 3033 deprehendamus.
860 2938 1024 3006 Omnino
1051 2951 1179 3008 autem
1201 2937 1318 3008 multo

321 3053 464 3128 facilius
494 3053 717 3150 pulmonum
744 3053 929 3124 vomicam
955 3051 1144 3149 asphyxiae
1166 3051 1318 3126 infantis

321 3196 468 3244 cansam
491 3195 511 3240 a
534 3168 731 3267 Spindlero
750 3168 803 3265 (2)
823 3194 891 3266 per
914 3186 1113 3242 arratomen
1132 3169 1316 3241 detectam

321 3285 432 3360 luisse
456 3286 627 3375 credam,
652 3311 764 3383 quam
790 3311 810 3356 a
835 3287 1026 3384 pulmonis
1049 3287 1190 3358 sinistri
1212 3287 1317 3372 vitio,

322 3403 427 3501 quod
451 3418 492 3473 ut
514 3404 561 3473 ab
581 3429 618 3476 se
642 3403 861 3500 praedictum
881 3429 925 3476 ex
944 3402 1080 3501 pulsu,
1099 3403 1149 3472 ita
1168 3425 1318 3499 quoque

321 3522 517 3592 inventum
531 3521 688 3594 celebris
699 3519 888 3618 professor
905 3522 995 3591 olim
1014 3520 1154 3610 aiebat,
1168 3521 1318 3616 pulsum

361 3904 404 3982 (ι)
426 3907 469 3961 De
481 3916 553 3960 mot.
569 3907 650 3962 cord.
664 3925 759 3963 exerc.
776 3927 807 3977 1,
823 3927 849 3964 c.
863 3907 891 3963 3.

306 4065 307 4068 Ἴ
358 4004 401 4080 (2)
424 4006 492 4062 vid.
506 4017 562 4061 act.
576 4007 655 4080 Lips.
669 4025 707 4064 an
725 4007 815 4081 1691,
830 4027 869 4063 m.
880 4005 996 4081 januar.
