2824 4668
299 433 370 522 314
457 457 503 504 nr
530 455 679 504 sturnus
703 457 748 502 rr
773 453 898 502 cios1s
925 435 1138 502 uoneonunr
1213 461 1216 466 ·

298 595 372 670 que
399 572 502 642 enim
533 595 602 669 per
628 566 841 668 sanguilera
867 591 974 654 vasa,
1004 570 1046 638 in
1073 589 1246 664 quorum
1272 567 1309 640 bi

297 688 452 787 quidem
470 689 608 760 tunicis
628 686 732 759 baud
746 685 989 775 nidulantur,
1001 685 1066 759 sed
1079 684 1308 784 perbrevem

297 807 587 906 expeditamque
602 803 798 904 oesophagi
816 805 935 892 viam,
952 827 1064 902 quem
1091 825 1175 874 non
1203 804 1309 876 aliter

297 949 340 997 ac
359 925 638 1012 intestina,·nee
655 923 864 1010 rarissime,
878 918 1094 1020 perforent,
1108 945 1149 994 se
1168 922 1212 992 in
1227 945 1309 1019 pro·
1406 971 1407 978 κ

296 1043 441 1114 ximum
463 1057 623 1140 possunt
647 1039 901 1138 pericardium
919 1039 1118 1135 conjicere.
1141 1041 1234 1129 Qua
1252 1064 1308 1110 ra·
1406 1059 1407 1144 j

297 1161 420 1248 tione,
444 1174 481 1230 et
505 1183 551 1230 eo
577 1182 655 1256 quo
676 1157 774 1245 dixi,
802 1171 973 1255 tempore
997 1155 1072 1228 huc
1088 1157 1306 1254 pervenisse

297 1275 655 1364 crediderim,illum
668 1273 1191 1373 Baglivilumbricum,quem
1207 1298 1307 1345 com·

298 1409 484 1464 memorat
503 1393 697 1485 Clericus(
713 1417 726 1462 1
743 1391 777 1488 ),
797 1394 965 1489 itemque
988 1390 1176 1480 alterum,
1196 1417 1310 1490 quem

297 1509 343 1581 cl.
361 1509 537 1582 Haebnius
548 1509 603 1608 (a)
615 1535 712 1598 ,cum
726 1509 893 1598 acordc,
907 1511 969 1581 cui
977 1506 1109 1582 affixus
1120 1525 1224 1597 erat,
1235 1510 1310 1584 abs·

296 1626 485 1717 traheret,
498 1633 625 1699 statim
642 1629 711 1716 ait,
724 1627 932 1724 digitissuis
941 1651 980 1698 se
992 1632 1306 1714 circumcinxime,
1406 1645 1407 1696 t

293 1753 429 1842 anguis
446 1745 501 1816 ad
514 1752 642 1816 instar.
653 1747 722 1816 Hic
735 1747 836 1816 enim
851 1745 1061 1819 lumbricus
1073 1746 1114 1816 in
1128 1747 1218 1818 viro
1230 1744 1308 1834 fuit,

294 1867 421 1961 cujus,
439 1864 529 1936 dum
545 1865 703 1952 viveret,
720 1859 825 1934 nulla
847 1889 931 1961 quae
951 1863 998 1935 ad
1012 1887 1080 1935 cor
1097 1865 1304 1952 attineant,

294 1996 568 2081 proponuntur
594 1980 855 2070 incommoda;
878 1982 1022 2079 primus
1046 1995 1174 2070 autem
1203 1973 1306 2054 ineo

294 2102 362 2198 qui
376 2124 462 2171 cum
475 2099 672 2172 doloribus
688 2099 889 2172 ventriculi
908 2099 979 2171 alia
998 2099 1209 2197 pertulerat
1231 2127 1306 2172 ma·

294 2217 350 2306 la,
372 2215 420 2288 ad
446 2241 513 2288 cor
539 2217 712 2314 quidem,
735 2217 800 2290 sed
828 2211 1005 2331 facilp'in‘
1027 2241 1264 2294 eonsensum
1288 2243 1306 2290 a

214 2391 217 2398 .
294 2334 507 2406 ventriculo
526 2349 707 2424 tractum,
726 2334 1226 2434 spectantia.Dubitationes
1245 2338 1306 2434 igi·
1405 2375 1406 2392 ι

293 2465 377 2540 tur,
395 2466 432 2522 et
445 2453 682 2548 conjecturas
697 2451 874 2551 intelligis
888 2475 1109 2550 meas,quas
1120 2477 1203 2524 non
1217 2469 1303 2526 ante
1405 2447 1406 2520 l

293 2568 485 2665 abjiciam,
501 2595 615 2667 quam
640 2571 791 2669 plures,
807 2595 878 2644 uec
901 2571 982 2642 sine
1001 2571 1304 2660 accuratissimo,

294 2688 399 2785 quod
412 2689 545 2786 saepius
555 2681 751 2776 desidero,
771 2689 960 2776 examine,
979 2687 1115 2760 babitae
1129 2688 1303 2764 ohserva-

294 2808 417 2878 tiones
443 2803 707 2905 proferantur,
732 2831 816 2903 quae
831 2831 892 2878 me
909 2806 998 2878 illuc
1014 2805 1210 2879 adducant
1222 2824 1301 2880 tan-

292 2907 402 3009 dein,
421 2940 464 2996 ut
485 2924 589 3022 quod
614 2923 698 2994 fieri
717 2947 829 3021 posse
854 2939 891 2996 et
916 2924 1083 3022 potuisse
1114 2949 1196 2996 non
1219 2925 1303 2996 infi-

295 3045 393 3131 cior,
411 3041 550 3114 facturn
566 3065 645 3114 esse
658 3040 781 3112 libens
795 3065 1010 3139 agnoscam.
1030 3040 1147 3113 Vides
1163 3043 1302 3130 simul,

292 3160 361 3232 ubi
384 3159 520 3257 dignus
545 3155 676 3230 auctor
703 3175 777 3247 est,
800 3159 862 3230 cui
890 3158 1088 3246 credatur,
1111 3173 1152 3230 et
1182 3159 1231 3230 ab
1265 3184 1301 3231 se

293 3280 393 3350 visos
420 3293 484 3349 aut
510 3277 755 3365 vermiculos,
788 3289 853 3348 aut
875 3275 1105 3360 lumbricos,
1132 3276 1301 3347 viventes

293 3394 441 3483 scribit,
459 3421 552 3467 ame
564 3394 678 3466 fidem
693 3447 702 3482 ,
718 3410 760 3466 ut
778 3417 848 3492 par
860 3409 931 3484 est,
944 3391 1298 3464 adhiberiverum·

290 3529 416 3585 tamen
437 3528 530 3610 quot
542 3512 707 3609 denique
724 3511 911 3610 ejusmodi
926 3525 1054 3582 extant
1071 3509 1300 3581 observatio·

290 3633 483 3703 neslnam
503 3653 662 3727 quarum
682 3632 928 3702 memineram
942 3630 982 3700 in
1001 3629 1218 3727 prasentia,
1235 3653 1299 3698 ea-

330 3915 373 3992 (1)
394 3917 469 3972 Hist.
486 3917 535 3970 lat.
551 3915 658 3970 lumbr.
674 3932 702 3969 c.
719 3913 773 3984 13,
784 3913 1028 3972 tbi‘de‘vermib.
1043 3931 1104 3969 ror.

330 4011 373 4089 (a)
393 4017 459 4070 Act.
470 4017 508 4071 N.
518 4015 552 4071 C.
565 4026 635 4072 tom.
651 4011 760 4086 7,.obs.'
778 4020 824 4081 14.
