2808 4664
171 429 237 476 cm.
266 429 305 475 ar.
334 425 380 476 oa
406 426 540 474 moruus
565 427 761 493 ranarum,
787 429 897 478 misr.
917 433 1019 480 xxnr.
1050 417 1118 510 247

108 542 199 634 fere
218 537 449 612 insensibilis.
472 539 664 610 Lancisius
680 554 821 630 autem,
838 557 881 614 ut
897 569 941 614 ex
961 547 1040 641 ejus
1054 548 1122 620 ob-

121 659 330 730 servatione
349 671 515 743 constat,
536 679 650 752 quam
673 659 845 756 superius
862 657 876 756 (
894 659 932 756 r)
952 663 1083 752 retuli,
1099 691 1121 738 a

120 775 324 874 pericardii
341 789 489 846 tumore
507 771 789 871 palpitationem
811 777 935 849 'cordis
955 781 1123 854 animad-

119 893 253 980 vertit,
271 907 307 964 et
325 917 345 962 a
361 892 481 963 multo
494 892 604 976 etiam
627 891 765 961 minori
786 895 961 981 Zacntns,
982 898 1048 994 qui
1065 913 1122 972 ter

119 1009 297 1081 morbum
321 1008 425 1080 hunc
450 1031 488 1080 se
511 1008 646 1080 vidisse
663 1006 883 1096 affirmavit,
901 1012 940 1081 in
953 1017 1123 1110 proxima

119 1128 315 1226 superiore
339 1125 575 1224 Sepulchreti
595 1127 759 1198 sectione
790 1131 855 1198 Vll
874 1127 985 1225 (2)‚a
1012 1147 1048 1204 te
1070 1134 1122 1206 le.

119 1243 281 1342 gendus,
300 1269 376 1315 non
389 1243 487 1314 libro
506 1244 572 1340 qui
585 1241 638 1314 ibi
660 1245 793 1316 citatur
813 1249 872 1334 ll,
890 1246 955 1317 sed
972 1251 1045 1320 Iut
1062 1251 1122 1322 in-

118 1363 263 1460 telligas
275 1363 313 1432 iu
329 1362 489 1450 scholio,
507 1361 610 1459 quod
622 1363 748 1459 ipsum
759 1387 914 1460 quoque
931 1389 975 1436 ex
987 1369 1122 1440 Zacuto

118 1495 195 1567 est,
221 1478 346 1552 locum
365 1481 404 1550 in
424 1480 502 1578 quo
526 1480 588 1552 hic
616 1481 849 1552 curationem
867 1481 1124 1579 qualemcum-

119 1621 197 1693 que
215 1599 422 1696 proposuit.
441 1597 540 1686 Quid
556 1621 648 1694 ergo
665 1611 720 1668 est
733 1598 747 1666 i
762 1603 817 1668 An
833 1597 974 1669 humor
985 1605 1123 1692 varius,

118 1715 186 1811 qui
204 1729 354 1786 tumore
372 1712 656 1802 continebatur,
675 1729 718 1784 ut
733 1714 891 1784 citrinos
905 1714 1005 1812 apud
1015 1723 1125 1790 Zacu-

118 1847 220 1918 tum,
241 1845 278 1900 et
301 1814 561 1901 meliceroides
582 1830 685 1926 apud
706 1831 938 1915 Lancisium‚
961 1831 1067 1904 aliter
1083 1856 1126 1906 ac

119 1949 350 2046 sanguineus
370 1946 473 2042 apud
494 1945 755 2034 Albertinum,
781 1946 988 2036 irritando,
1007 1951 1125 2050 palpiss

119 2066 303 2137 tationem
324 2062 472 2135 ciebat?
492 2068 550 2134 An
573 2063 646 2134 alia
674 2065 713 2133 in
738 2063 819 2134 aliis
840 2063 998 2138 tumoris
1022 2067 1127 2141 sedes

121 2184 202 2277 ejus
226 2182 413 2252 varietatis
442 2205 553 2252 causa
581 2178 679 2251 fuit?
699 2185 785 2251 Erat
812 2181 913 2251 enim
939 2182 999 2254 illa
1024 2184 1126 2281 apud

121 2299 334 2370 Lancisium
353 2298 552 2396 pericardii
566 2297 682 2388 basis,
696 2297 799 2396 apud
812 2298 1048 2371 Albertinnm
1063 2325 1126 2372 au·
1226 2343 1229 2352 =

121 2427 197 2486 tem
218 2414 416 2512 pericardii
437 2415 553 2504 latus,
576 2415 692 2512 idque
714 2415 908 2487 dexterum
924 2443 934 2504 ;
953 2434 1039 2488 nem
1059 2423 1125 2490 Za·

122 2549 231 2606 cutus
245 2555 416 2630 quaenam
429 2545 542 2623 esset,
560 2533 722 2606 reticuit.
745 2535 871 2632 Magni
888 2547 1012 2629 autern
1031 2535 1126 2610 illud

120 2650 327 2724 discrimen
340 2651 523 2722 momenti
536 2673 614 2723 esse
624 2661 771 2747 potest,
786 2654 815 2722 si
828 2649 924 2722 forte
942 2675 962 2723 a
977 2669 1126 2730 tumore

121 2770 188 2866 qui
201 2769 247 2840 sit
260 2769 298 2838 in
309 2767 401 2856 basi,
413 2767 534 2864 major
545 2767 724 2838 alterutra
734 2783 938 2866 prematur,
951 2781 988 2841 et
1000 2764 1127 2844 coarc-

124 2901 227 2957 tetur
241 2887 394 2982 arteria,
414 2899 526 2982 atque
544 2886 594 2956 ita
616 2886 762 2956 exituro
778 2911 797 2958 e
817 2886 931 2958 corde
954 2877 1127 2987 sangnini

122 3003 222 3075 obex
242 3019 428 3101 ponatur,
453 3003 555 3098 unde
580 3004 795 3102 palpitatio;
822 3003 963 3100 quoda
979 3019 1126 3076 tumore

125 3123 194 3218 qui
218 3120 418 3219 pericardii
444 3120 543 3192 latus
562 3133 743 3220 occupet,
767 3121 893 3190 minus
914 3117 1064 3190 videtur
1082 3123 1128 3194 ti·
1238 3153 1240 3161 ’

124 3237 315 3308 mendum.
342 3243 420 3311 Nec
438 3261 529 3310 vero
550 3240 644 3326 aias,
663 3237 710 3310 de
731 3235 948 3334 quindecim
965 3237 1040 3310 illis
1059 3239 1129 3310 ob-

126 3355 400 3427 servationibus
415 3353 518 3452 (3tin
534 3354 672 3453 quibus
684 3353 876 3453 palpitatio
886 3369 1129 3446 memoratur,

126 3469 308 3544 decimam
336 3473 483 3545 tertiam
505 3485 693 3564 tumorem
712 3493 948 3570 proponere,
975 3487 1128 3560 natura,
