2800 4674
303 473 350 542 92
468 469 515 514 ne
541 463 686 516 somnus
712 466 756 512 er
781 445 910 512 causis
930 463 1141 514 nonnosum
1226 497 1228 502 ,

301 581 441 680 potuit,
454 594 709 678 preterquam
726 584 764 648 iu
779 591 1015 654 enatantem
1029 577 1261 666 muliercula,
1272 580 1316 652 in

245 711 250 718 '
302 723 378 796 qua
398 699 477 796 ipsa
492 712 617 768 tamen
635 721 713 766 non
732 691 999 766 inflammatam
1017 721 1099 767 eam
1122 696 1314 768 membra-

301 839 409 902 nam,
428 813 493 886 sed
511 813 680 890 tabidam
695 815 859 904 invenit,
881 829 922 886 ut
939 829 1039 884 arcte
1057 813 1315 886 adhaerentem

302 933 524 1032 pulmonem
539 957 625 1002 cum
637 931 861 1020 avellerent,
872 947 1102 1028 sequeretur.
1118 937 1170 1002 Ex
1185 933 1315 1030 singu·

303 1050 430 1122 lorum
457 1064 581 1120 autem
601 1048 726 1120 morbi
750 1048 1020 1145 descriptione,
1045 1073 1159 1145 quam
1180 1050 1316 1121 sectio-

301 1165 417 1240 nibus
444 1167 652 1264 premittit,
676 1180 832 1263 apparet
855 1191 986 1238 omues
1014 1181 1123 1236 acuto
1144 1191 1188 1236 ac
1217 1191 1316 1264 pun·

303 1301 414 1384 gente
432 1285 558 1356 lateris
572 1284 703 1356 dolore
719 1281 832 1356 fuisse
851 1285 1046 1356 cruciatos.
1061 1287 1162 1374 Quin
1181 1285 1319 1372 etiam,

303 1418 347 1473 ut
362 1427 516 1474 suarum
534 1402 691 1486 similes,
708 1400 767 1472 his
784 1401 932 1497 subjicit
946 1403 1101 1487 Plateri,
1118 1417 1155 1472 et
1167 1401 1318 1472 Zecchii

305 1518 607 1590 observationes:
625 1543 789 1614 quorum
806 1519 868 1590 ille
885 1521 923 1588 in
938 1519 1146 1616 pleuriticis
1165 1517 1318 1590 duobus

304 1633 493 1706 maculam
515 1650 661 1704 tantum
685 1633 835 1706 lividum
856 1637 892 1705 in
910 1637 1062 1733 pleura,
1080 1637 1141 1706 cui
1161 1635 1318 1732 quidem

303 1749 437 1824 affixos
461 1752 662 1850 pulmones
683 1753 786 1849 ipsos
805 1754 931 1851 potius
948 1754 1043 1824 male
1068 1749 1226 1836 affectos
1252 1753 1318 1824 de·

223 1853 225 1866 ¹
304 1869 719 1968 prehe11dit32ecchius
735 1886 859 1942 autem
872 1871 1094 1969 inpluribus
1105 1896 1183 1942 non
1195 1870 1322 1959 illam,

304 1986 370 2060 sed
382 1989 588 2086 'pulmones
603 1989 750 2060 vitiatos
764 1990 927 2077 invenit,
946 2004 994 2061 -ut
1008 1991 1048 2060 in
1066 1983 1316 2088 Sepulchreto

305 2129 461 2200 quoque
477 2105 530 2202 (ι)
542 2105 761 2176 adnotatum
774 2106 875 2204 leges
889 2133 895 2175 :
911 2132 1131 2204 quanquam
1148 2107 1190 2176 in
1202 2121 1319 2178 extre-

305 2245 370 2291 mo
394 2225 568 2292 Tractatu
595 2221 642 2290 de
663 2221 788 2292 luteris
807 2222 960 2310 dolore,
986 2225 1052 2322 qui
1081 2239 1122 2295 ut
1139 2222 1318 2294 Metlmdo

307 2336 356 2408 de
370 2343 486 2408 urinis
502 2337 712 2432 subjectuS,
730 2340 780 2410 sic
798 2342 1064 2412 consultationi
1078 2342 1131 2412 illi
1153 2367 1236 2438 quae
1249 2339 1320 2412 edi·

306 2467 432 2523 tarum
454 2455 617 2524 Venetiis
635 2469 690 2526 est
706 2454 856 2545 ultima,
882 2460 1104 2557 praepositus
1126 2472 1200 2546 est;
1221 2456 1320 2528 idem

307 2569 487 2641 Zecchius
507 2570 653 2659 scribit,
678 2573 717 2642 in
736 2572 943 2668 pleuriticis
968 2600 1053 2646 cum
1082 2599 1220 2672 magno
1236 2571 1322 2671 pul-

308 2712 468 2758 monum
483 2689 594 2777 vitio,
607 2690 975 2786 pleuramiuterdum
979 2717 1138 2792 prorsus
1149 2690 1320 2776 illusam,

308 2829 689 2902 nonuunquauuvero
705 2833 846 2905 parum
875 2815 1111 2882 immutatum
1132 2823 1323 2907 repertam

309 2946 398 2994 esse.
417 2927 496 2992 Huc
510 2926 694 2994 Jacotium
705 2923 759 3019 (a)
773 2925 901 2996 addito
911 2926 1042 3024 ,eujus
1052 2927 1131 2998 haec
1142 2939 1324 3056 {untver-

307 3040 356 3112 ba
369 3067 375 3108 :
388 3045 640 3138 experimento
655 3047 694 3112 iu
702 3043 921 3114 dissectione
930 3045 1217 3142 pleuriticorum
1229 3066 1322 3112 raro

311 3173 451 3228 tumere
470 3158 647 3256 plectrum
670 3161 926 3232 observamus:
949 3177 986 3232 et
1004 3187 1052 3234 ue
1067 3160 1265 3248 Valsalvae,
1286 3173 1324 3230 et

309 3289 457 3346 nostras
471 3274 715 3350 dissectiones
728 3279 860 3376 saepius
871 3279 1123 3367 inculcemus3
1137 3291 1325 3348 trecentas

309 3390 391 3462 illas
408 3393 525 3462 Servii
535 3392 590 3489 (3)
603 3394 755 3490 adjicito
769 3449 778 3479 ,
790 3397 828 3466 iu
844 3395 985 3494 quibus
1000 3398 1170 3498 pleuram
1186 3410 1253 3466 aut
1267 3396 1324 3465 ni·

309 3506 365 3579 hil
380 3509 538 3580 omnino
552 3513 716 3584 vitiatam
729 3567 740 3604 ,
753 3528 817 3584 aut
833 3512 960 3586 leviter
973 3530 1120 3588 tunium
1138 3512 1325 3611 quodam-

417 3797 495 3852 Sect.
509 3793 584 3868 haec,
599 3798 664 3854 obs.
678 3803 836 3870 ao,§1et
854 3818 901 3874 29

367 3815 377 3848 1

335 3793 396 3971 l²l
417 3895 606 3952 Comment.
597 3915 631 3951 111
641 3897 733 3974 Hipp
745 3916 827 3958 coac.
841 3909 912 3960 sect.
925 3917 956 3972 a,
968 3899 988 3958 1
1005 3919 1017 3960 1
1028 3901 1199 3977 ephori

351 3989 396 4069 (3)
419 3995 538 4069 Supra,
554 4014 585 4052 ιι.
602 3995 649 4066 37.
