<?xml version="1.0" encoding="UTF-8"?>
<!DOCTYPE html PUBLIC "-//W3C//DTD XHTML 1.0 Transitional//EN"
    "http://www.w3.org/TR/xhtml1/DTD/xhtml1-transitional.dtd">
<html xmlns="http://www.w3.org/1999/xhtml" xml:lang="en" lang="en">
 <head>
  <title>
</title>
<meta http-equiv="Content-Type" content="text/html;charset=utf-8" />
  <meta name='ocr-system' content='tesseract 3.04.00' />
  <meta name='ocr-capabilities' content='ocr_page ocr_carea ocr_par ocr_line ocrx_word'/>
</head>
<body>
  <div class='ocr_page' id='page_1' title='image "./desedibusetcaus01adelgoog_0474.png"; bbox 0 0 2820 4668; ppageno 0'>
   <div class='ocr_carea' id='block_1_1' title="bbox 148 439 1175 536">
    <p class='ocr_par' dir='ltr' id='par_1_1' title="bbox 148 439 1175 536">
     <span class='ocr_line' id='line_1_1' title="bbox 148 439 1175 536; baseline 0.005 -32"><span class='ocrx_word' id='word_1_1' title='bbox 148 457 215 504; x_wconf 82' lang='lat' dir='ltr'><strong>mn.</strong></span> <span class='ocrx_word' id='word_1_2' title='bbox 243 455 284 502; x_wconf 91' lang='lat'><strong>11.</strong></span> <span class='ocrx_word' id='word_1_3' title='bbox 313 455 360 502; x_wconf 84' lang='lat' dir='ltr'><strong>nn</strong></span> <span class='ocrx_word' id='word_1_4' title='bbox 387 453 523 501; x_wconf 76' lang='lat' dir='ltr'><strong>nonnis</strong></span> <span class='ocrx_word' id='word_1_5' title='bbox 547 453 882 522; x_wconf 76' lang='lat' dir='ltr'><strong>rnonnc1s,-n1›1sr.</strong></span> <span class='ocrx_word' id='word_1_6' title='bbox 910 460 1008 507; x_wconf 80' lang='lat' dir='ltr'><strong>xxvi.</strong></span> <span class='ocrx_word' id='word_1_7' title='bbox 1036 439 1110 536; x_wconf 69' lang='lat'><strong>489</strong></span> <span class='ocrx_word' id='word_1_8' title='bbox 1171 519 1175 526; x_wconf 28' lang='lat'>¹</span> 
     </span>
    </p>
   </div>
   <div class='ocr_carea' id='block_1_2' title="bbox 3 561 1122 3729">
    <p class='ocr_par' dir='ltr' id='par_1_2' title="bbox 3 561 1113 787">
     <span class='ocr_line' id='line_1_2' title="bbox 3 561 1113 669; baseline 0.011 -33"><span class='ocrx_word' id='word_1_9' title='bbox 3 625 4 636; x_wconf 70' lang='grc'>,</span> <span class='ocrx_word' id='word_1_10' title='bbox 97 569 221 669; x_wconf 87' lang='lat' dir='ltr'>impar</span> <span class='ocrx_word' id='word_1_11' title='bbox 240 571 307 658; x_wconf 91' lang='lat' dir='ltr'><strong>sit,</strong></span> <span class='ocrx_word' id='word_1_12' title='bbox 322 565 412 640; x_wconf 91' lang='lat' dir='ltr'><strong>alibi</strong></span> <span class='ocrx_word' id='word_1_13' title='bbox 425 581 481 639; x_wconf 89' lang='lat' dir='ltr'><strong>est</strong></span> <span class='ocrx_word' id='word_1_14' title='bbox 499 593 520 638; x_wconf 94' lang='lat' dir='ltr'><strong>a</strong></span> <span class='ocrx_word' id='word_1_15' title='bbox 536 567 668 658; x_wconf 90' lang='lat' dir='ltr'><strong>nobis,</strong></span> <span class='ocrx_word' id='word_1_16' title='bbox 684 585 720 640; x_wconf 89' lang='lat' dir='ltr'><strong>et</strong></span> <span class='ocrx_word' id='word_1_17' title='bbox 731 574 969 669; x_wconf 83' lang='lat' dir='ltr'><strong>supraetiam</strong></span> <span class='ocrx_word' id='word_1_18' title='bbox 983 576 1021 645; x_wconf 89' lang='lat' dir='ltr'><strong>in</strong></span> <span class='ocrx_word' id='word_1_19' title='bbox 1037 561 1113 649; x_wconf 82' lang='lat' dir='ltr'><strong>hac</strong></span> 
     </span>
     <span class='ocr_line' id='line_1_3' title="bbox 3 685 691 787; baseline -0.007 -27"><span class='ocrx_word' id='word_1_20' title='bbox 3 715 4 718; x_wconf 45' lang='lat'>¹</span> <span class='ocrx_word' id='word_1_21' title='bbox 98 688 254 787; x_wconf 90' lang='lat' dir='ltr'><strong>epistola</strong></span> <span class='ocrx_word' id='word_1_22' title='bbox 269 687 323 785; x_wconf 80' lang='lat' dir='ltr'><strong>(t)</strong></span> <span class='ocrx_word' id='word_1_23' title='bbox 339 685 580 757; x_wconf 87' lang='lat' dir='ltr'><strong>declaratum.</strong></span> <span class='ocrx_word' id='word_1_24' title='bbox 688 713 691 722; x_wconf 92' lang='grc'><strong><em>·</em></strong></span> 
     </span>
    </p>

    <p class='ocr_par' dir='ltr' id='par_1_3' title="bbox 2 802 1122 3729">
     <span class='ocr_line' id='line_1_4' title="bbox 50 802 1109 902; baseline 0.004 -24"><span class='ocrx_word' id='word_1_25' title='bbox 50 851 54 860; x_wconf 90' lang='lat'><em>·</em></span> <span class='ocrx_word' id='word_1_26' title='bbox 149 805 205 902; x_wconf 85' lang='lat'><strong>39.</strong></span> <span class='ocrx_word' id='word_1_27' title='bbox 222 804 298 878; x_wconf 85' lang='lat' dir='ltr'><strong>&#39;Sed</strong></span> <span class='ocrx_word' id='word_1_28' title='bbox 320 802 415 876; x_wconf 84' lang='lat' dir='ltr'><strong>faeta</strong></span> <span class='ocrx_word' id='word_1_29' title='bbox 434 802 741 876; x_wconf 87' lang='lat' dir='ltr'><strong>desideratissimi</strong></span> <span class='ocrx_word' id='word_1_30' title='bbox 761 806 871 878; x_wconf 83' lang='lat' dir='ltr'><strong>amici</strong></span> <span class='ocrx_word' id='word_1_31' title='bbox 893 809 1038 880; x_wconf 89' lang='lat' dir='ltr'><strong>mentio</strong></span> <span class='ocrx_word' id='word_1_32' title='bbox 1055 810 1109 882; x_wconf 87' lang='lat' dir='ltr'><strong>al-</strong></span> 
     </span>
     <span class='ocr_line' id='line_1_5' title="bbox 3 922 1111 1011; baseline 0.005 -19"><span class='ocrx_word' id='word_1_33' title='bbox 3 953 6 992; x_wconf 76' lang='lat'><em>1</em></span> <span class='ocrx_word' id='word_1_34' title='bbox 97 924 215 995; x_wconf 89' lang='lat' dir='ltr'><strong>terius</strong></span> <span class='ocrx_word' id='word_1_35' title='bbox 228 922 319 993; x_wconf 91' lang='lat' dir='ltr'><strong>mihi</strong></span> <span class='ocrx_word' id='word_1_36' title='bbox 330 922 729 1011; x_wconf 87' lang='lat' dir='ltr'><strong>memoriamrenovat,</strong></span> <span class='ocrx_word' id='word_1_37' title='bbox 738 922 1111 998; x_wconf 85' lang='lat' dir='ltr'><strong>SebastianiAntonii</strong></span> 
     </span>
     <span class='ocr_line' id='line_1_6' title="bbox 3 1039 1108 1143; baseline 0 -27"><span class='ocrx_word' id='word_1_38' title='bbox 3 1075 7 1116; x_wconf 72' lang='grc' dir='ltr'><em>ε</em></span> <span class='ocrx_word' id='word_1_39' title='bbox 97 1039 332 1129; x_wconf 87' lang='lat' dir='ltr'><strong>Trombellii,</strong></span> <span class='ocrx_word' id='word_1_40' title='bbox 351 1041 598 1113; x_wconf 88' lang='lat' dir='ltr'><strong>Bononiensis</strong></span> <span class='ocrx_word' id='word_1_41' title='bbox 615 1040 753 1112; x_wconf 89' lang='lat' dir='ltr'><strong>medici</strong></span> <span class='ocrx_word' id='word_1_42' title='bbox 772 1057 808 1113; x_wconf 90' lang='lat' dir='ltr'><strong>et</strong></span> <span class='ocrx_word' id='word_1_43' title='bbox 825 1043 994 1140; x_wconf 80' lang='lat' dir='ltr'><strong>chirurgi</strong></span> <span class='ocrx_word' id='word_1_44' title='bbox 1015 1070 1108 1143; x_wconf 86' lang='lat' dir='ltr'><strong>prae-</strong></span> 
     </span>
     <span class='ocr_line' id='line_1_7' title="bbox 4 1159 1109 1260; baseline 0 -24"><span class='ocrx_word' id='word_1_45' title='bbox 4 1197 5 1236; x_wconf 67' lang='lat' dir='ltr'><strong>t</strong></span> <span class='ocrx_word' id='word_1_46' title='bbox 98 1159 330 1232; x_wconf 88' lang='lat' dir='ltr'><strong>stantissimi:</strong></span> <span class='ocrx_word' id='word_1_47' title='bbox 341 1159 448 1254; x_wconf 88' lang='lat' dir='ltr'><strong>cujus</strong></span> <span class='ocrx_word' id='word_1_48' title='bbox 457 1159 670 1256; x_wconf 72' lang='lat' dir='ltr'><strong>inopinatae,</strong></span> <span class='ocrx_word' id='word_1_49' title='bbox 681 1159 835 1257; x_wconf 86' lang='lat' dir='ltr'><strong>citaeque</strong></span> <span class='ocrx_word' id='word_1_50' title='bbox 848 1163 980 1234; x_wconf 88' lang='lat' dir='ltr'><strong>mortis</strong></span> <span class='ocrx_word' id='word_1_51' title='bbox 990 1186 1109 1260; x_wconf 87' lang='lat' dir='ltr'><strong>genus</strong></span> 
     </span>
     <span class='ocr_line' id='line_1_8' title="bbox 3 1274 1108 1378; baseline 0.003 -30"><span class='ocrx_word' id='word_1_52' title='bbox 3 1315 5 1324; x_wconf 44' lang='lat' dir='ltr'>v</span> <span class='ocrx_word' id='word_1_53' title='bbox 98 1276 149 1349; x_wconf 95' lang='lat' dir='ltr'><strong>ob</strong></span> <span class='ocrx_word' id='word_1_54' title='bbox 172 1276 210 1348; x_wconf 95' lang='lat' dir='ltr'><strong>id</strong></span> <span class='ocrx_word' id='word_1_55' title='bbox 237 1277 348 1348; x_wconf 89' lang='lat' dir='ltr'><strong>etiam</strong></span> <span class='ocrx_word' id='word_1_56' title='bbox 373 1276 483 1348; x_wconf 92' lang='lat' dir='ltr'><strong>nobis</strong></span> <span class='ocrx_word' id='word_1_57' title='bbox 509 1274 673 1349; x_wconf 88' lang='lat' dir='ltr'><strong>flebilius</strong></span> <span class='ocrx_word' id='word_1_58' title='bbox 701 1277 861 1365; x_wconf 86' lang='lat' dir='ltr'><strong>accidit,</strong></span> <span class='ocrx_word' id='word_1_59' title='bbox 897 1279 1002 1378; x_wconf 91' lang='lat' dir='ltr'><strong>quod</strong></span> <span class='ocrx_word' id='word_1_60' title='bbox 1030 1304 1108 1352; x_wconf 90' lang='lat' dir='ltr'><strong>non</strong></span> 
     </span>
     <span class='ocr_line' id='line_1_9' title="bbox 3 1393 1110 1498; baseline 0.005 -34"><span class='ocrx_word' id='word_1_61' title='bbox 3 1437 6 1476; x_wconf 34' lang='lat'><strong>1,</strong></span> <span class='ocrx_word' id='word_1_62' title='bbox 96 1397 219 1493; x_wconf 90' lang='lat' dir='ltr'><strong>ipsum</strong></span> <span class='ocrx_word' id='word_1_63' title='bbox 236 1393 375 1483; x_wconf 93' lang='lat' dir='ltr'><strong>modo,</strong></span> <span class='ocrx_word' id='word_1_64' title='bbox 392 1393 457 1466; x_wconf 91' lang='lat' dir='ltr'><strong>sed</strong></span> <span class='ocrx_word' id='word_1_65' title='bbox 477 1409 514 1466; x_wconf 89' lang='lat' dir='ltr'><strong>et</strong></span> <span class='ocrx_word' id='word_1_66' title='bbox 526 1395 607 1490; x_wconf 86' lang='lat' dir='ltr'><strong>ejus</strong></span> <span class='ocrx_word' id='word_1_67' title='bbox 620 1393 773 1467; x_wconf 88' lang='lat' dir='ltr'><strong>fratrem</strong></span> <span class='ocrx_word' id='word_1_68' title='bbox 789 1401 808 1466; x_wconf 86' lang='lat' dir='ltr'>J</span> <span class='ocrx_word' id='word_1_69' title='bbox 812 1421 974 1470; x_wconf 89' lang='lat' dir='ltr'><strong>oannem</strong></span> <span class='ocrx_word' id='word_1_70' title='bbox 991 1397 1110 1498; x_wconf 86' lang='lat' dir='ltr'><strong>Chry·</strong></span> 
     </span>
     <span class='ocr_line' id='line_1_10' title="bbox 3 1511 1110 1615; baseline 0.006 -32"><span class='ocrx_word' id='word_1_71' title='bbox 3 1565 8 1600; x_wconf 81' lang='lat'><strong>,</strong></span> <span class='ocrx_word' id='word_1_72' title='bbox 97 1528 328 1602; x_wconf 91' lang='lat' dir='ltr'><strong>sostomum,</strong></span> <span class='ocrx_word' id='word_1_73' title='bbox 350 1511 535 1584; x_wconf 83' lang='lat' dir='ltr'><strong>Abbatem</strong></span> <span class='ocrx_word' id='word_1_74' title='bbox 557 1527 593 1583; x_wconf 90' lang='lat' dir='ltr'><strong>et</strong></span> <span class='ocrx_word' id='word_1_75' title='bbox 617 1511 875 1615; x_wconf 72' lang='lat' dir='ltr'><strong>Theologtrm,</strong></span> <span class='ocrx_word' id='word_1_76' title='bbox 902 1517 1007 1612; x_wconf 91' lang='lat' dir='ltr'><strong>quod</strong></span> <span class='ocrx_word' id='word_1_77' title='bbox 1030 1518 1110 1613; x_wconf 86' lang='lat' dir='ltr'><strong>ejus</strong></span> 
     </span>
     <span class='ocr_line' id='line_1_11' title="bbox 96 1627 1108 1730; baseline 0.003 -27.745"><span class='ocrx_word' id='word_1_78' title='bbox 96 1632 234 1730; x_wconf 86' lang='lat' dir='ltr'><strong>scripta</strong></span> <span class='ocrx_word' id='word_1_79' title='bbox 245 1629 470 1717; x_wconf 82' lang='lat' dir='ltr'><strong>ostendunt,</strong></span> <span class='ocrx_word' id='word_1_80' title='bbox 484 1627 779 1700; x_wconf 86' lang='lat' dir='ltr'><strong>eruditissimum</strong></span> <span class='ocrx_word' id='word_1_81' title='bbox 790 1631 970 1728; x_wconf 84' lang='lat' dir='ltr'><strong>singulari</strong></span> <span class='ocrx_word' id='word_1_82' title='bbox 980 1657 1108 1714; x_wconf 81' lang='lat' dir='ltr'><strong>amore</strong></span> 
     </span>
     <span class='ocr_line' id='line_1_12' title="bbox 93 1747 1110 1846; baseline 0.002 -27"><span class='ocrx_word' id='word_1_83' title='bbox 93 1747 420 1846; x_wconf 85' lang='lat' dir='ltr'><strong>prosequebamur</strong></span> <span class='ocrx_word' id='word_1_84' title='bbox 449 1761 562 1843; x_wconf 89' lang='lat' dir='ltr'><strong>atque</strong></span> <span class='ocrx_word' id='word_1_85' title='bbox 587 1748 865 1844; x_wconf 86' lang='lat' dir='ltr'><strong>prosequimur.</strong></span> <span class='ocrx_word' id='word_1_86' title='bbox 895 1751 1019 1838; x_wconf 90' lang='lat' dir='ltr'><strong>Quam</strong></span> <span class='ocrx_word' id='word_1_87' title='bbox 1051 1775 1110 1822; x_wconf 91' lang='lat' dir='ltr'><strong>re·</strong></span> 
     </span>
     <span class='ocr_line' id='line_1_13' title="bbox 95 1863 1109 1965; baseline 0.002 -27"><span class='ocrx_word' id='word_1_88' title='bbox 95 1866 293 1965; x_wconf 89' lang='lat' dir='ltr'><strong>peutinus,</strong></span> <span class='ocrx_word' id='word_1_89' title='bbox 322 1863 1109 1953; x_wconf 87' lang='lat' dir='ltr'><strong>saevus,brevisilliusmorbusnovissimus</strong></span> 
     </span>
     <span class='ocr_line' id='line_1_14' title="bbox 95 1983 1109 2082; baseline 0.002 -27"><span class='ocrx_word' id='word_1_90' title='bbox 95 1983 231 2072; x_wconf 85' lang='lat' dir='ltr'><strong>fuerit,</strong></span> <span class='ocrx_word' id='word_1_91' title='bbox 253 1998 290 2054; x_wconf 89' lang='lat' dir='ltr'><strong>et</strong></span> <span class='ocrx_word' id='word_1_92' title='bbox 313 2007 428 2082; x_wconf 89' lang='lat' dir='ltr'><strong>quam</strong></span> <span class='ocrx_word' id='word_1_93' title='bbox 444 1983 555 2054; x_wconf 86' lang='lat' dir='ltr'><strong>variae</strong></span> <span class='ocrx_word' id='word_1_94' title='bbox 580 1983 780 2054; x_wconf 91' lang='lat' dir='ltr'><strong>doctorum</strong></span> <span class='ocrx_word' id='word_1_95' title='bbox 804 1985 973 2056; x_wconf 90' lang='lat' dir='ltr'><strong>virorum</strong></span> <span class='ocrx_word' id='word_1_96' title='bbox 998 1984 1045 2057; x_wconf 90' lang='lat' dir='ltr'><strong>de</strong></span> <span class='ocrx_word' id='word_1_97' title='bbox 1063 2010 1109 2058; x_wconf 90' lang='lat' dir='ltr'><strong>eo</strong></span> 
     </span>
     <span class='ocr_line' id='line_1_15' title="bbox 96 2101 1106 2201; baseline 0.006 -27"><span class='ocrx_word' id='word_1_98' title='bbox 96 2102 312 2190; x_wconf 84' lang='lat' dir='ltr'><strong>sententiae,</strong></span> <span class='ocrx_word' id='word_1_99' title='bbox 332 2102 508 2199; x_wconf 84' lang='lat' dir='ltr'><strong>ignorare</strong></span> <span class='ocrx_word' id='word_1_100' title='bbox 525 2126 605 2172; x_wconf 90' lang='lat' dir='ltr'><strong>non</strong></span> <span class='ocrx_word' id='word_1_101' title='bbox 621 2117 739 2200; x_wconf 91' lang='lat' dir='ltr'><strong>potes.</strong></span> <span class='ocrx_word' id='word_1_102' title='bbox 759 2101 860 2192; x_wconf 86' lang='lat' dir='ltr'><strong>Quid</strong></span> <span class='ocrx_word' id='word_1_103' title='bbox 880 2103 986 2201; x_wconf 84' lang='lat' dir='ltr'><strong>ipse,</strong></span> <span class='ocrx_word' id='word_1_104' title='bbox 1003 2117 1106 2180; x_wconf 86' lang='lat' dir='ltr'><strong>ante·</strong></span> 
     </span>
     <span class='ocr_line' id='line_1_16' title="bbox 98 2218 1108 2319; baseline 0.006 -29"><span class='ocrx_word' id='word_1_105' title='bbox 98 2244 213 2316; x_wconf 84' lang='lat' dir='ltr'><strong>quam</strong></span> <span class='ocrx_word' id='word_1_106' title='bbox 236 2218 283 2291; x_wconf 87' lang='lat' dir='ltr'><strong>de</strong></span> <span class='ocrx_word' id='word_1_107' title='bbox 304 2218 363 2291; x_wconf 90' lang='lat' dir='ltr'><strong>his</strong></span> <span class='ocrx_word' id='word_1_108' title='bbox 379 2219 588 2317; x_wconf 84' lang='lat' dir='ltr'><strong>quidquam</strong></span> <span class='ocrx_word' id='word_1_109' title='bbox 606 2220 800 2306; x_wconf 83' lang='lat' dir='ltr'><strong>audirem,</strong></span> <span class='ocrx_word' id='word_1_110' title='bbox 821 2221 890 2292; x_wconf 89' lang='lat' dir='ltr'><strong>sim</strong></span> <span class='ocrx_word' id='word_1_111' title='bbox 912 2220 1108 2319; x_wconf 76' lang='lat' dir='ltr'><strong>opinatuS,</strong></span> 
     </span>
     <span class='ocr_line' id='line_1_17' title="bbox 96 2333 1109 2438; baseline 0.004 -30"><span class='ocrx_word' id='word_1_112' title='bbox 96 2338 127 2408; x_wconf 88' lang='lat' dir='ltr'><strong>si</strong></span> <span class='ocrx_word' id='word_1_113' title='bbox 151 2333 246 2409; x_wconf 87' lang='lat' dir='ltr'><strong>forte</strong></span> <span class='ocrx_word' id='word_1_114' title='bbox 274 2337 431 2434; x_wconf 81' lang='lat' dir='ltr'><strong>quaeris,</strong></span> <span class='ocrx_word' id='word_1_115' title='bbox 459 2339 589 2438; x_wconf 86' lang='lat' dir='ltr'><strong>paucis</strong></span> <span class='ocrx_word' id='word_1_116' title='bbox 631 2337 781 2428; x_wconf 79' lang='lat' dir='ltr'><strong>dicam,</strong></span> <span class='ocrx_word' id='word_1_117' title='bbox 803 2353 846 2410; x_wconf 88' lang='lat' dir='ltr'><strong>ut</strong></span> <span class='ocrx_word' id='word_1_118' title='bbox 871 2337 1011 2412; x_wconf 86' lang='lat' dir='ltr'><strong>habeas</strong></span> <span class='ocrx_word' id='word_1_119' title='bbox 1029 2365 1109 2412; x_wconf 90' lang='lat' dir='ltr'><strong>non</strong></span> 
     </span>
     <span class='ocr_line' id='line_1_18' title="bbox 96 2451 1108 2556; baseline 0.009 -33"><span class='ocrx_word' id='word_1_120' title='bbox 96 2453 201 2552; x_wconf 94' lang='lat' dir='ltr'><strong>quod</strong></span> <span class='ocrx_word' id='word_1_121' title='bbox 219 2451 411 2552; x_wconf 82' lang='lat' dir='ltr'><strong>praeferas,</strong></span> <span class='ocrx_word' id='word_1_122' title='bbox 432 2455 497 2528; x_wconf 87' lang='lat' dir='ltr'><strong>sed</strong></span> <span class='ocrx_word' id='word_1_123' title='bbox 515 2455 619 2552; x_wconf 92' lang='lat' dir='ltr'><strong>quod</strong></span> <span class='ocrx_word' id='word_1_124' title='bbox 635 2455 842 2556; x_wconf 84' lang='lat' dir='ltr'><strong>diligenter</strong></span> <span class='ocrx_word' id='word_1_125' title='bbox 858 2458 970 2528; x_wconf 87' lang='lat' dir='ltr'><strong>etiam</strong></span> <span class='ocrx_word' id='word_1_126' title='bbox 994 2472 1108 2556; x_wconf 88' lang='lat' dir='ltr'><strong>atque</strong></span> 
     </span>
     <span class='ocr_line' id='line_1_19' title="bbox 9 2571 1109 2672; baseline 0.007 -30"><span class='ocrx_word' id='word_1_127' title='bbox 9 2638 11 2659; x_wconf 83' lang='grc'>,</span> <span class='ocrx_word' id='word_1_128' title='bbox 96 2572 207 2642; x_wconf 87' lang='lat' dir='ltr'><strong>etiam</strong></span> <span class='ocrx_word' id='word_1_129' title='bbox 228 2571 434 2670; x_wconf 84' lang='lat' dir='ltr'><strong>expendas,</strong></span> <span class='ocrx_word' id='word_1_130' title='bbox 451 2573 659 2672; x_wconf 85' lang='lat' dir='ltr'><strong>videasque</strong></span> <span class='ocrx_word' id='word_1_131' title='bbox 680 2599 774 2646; x_wconf 91' lang='lat' dir='ltr'><strong>num</strong></span> <span class='ocrx_word' id='word_1_132' title='bbox 796 2571 893 2646; x_wconf 88' lang='lat' dir='ltr'><strong>forte</strong></span> <span class='ocrx_word' id='word_1_133' title='bbox 906 2575 937 2647; x_wconf 91' lang='lat' dir='ltr'><strong>is</strong></span> <span class='ocrx_word' id='word_1_134' title='bbox 950 2573 1109 2650; x_wconf 89' lang='lat' dir='ltr'><strong>morbus</strong></span> 
     </span>
     <span class='ocr_line' id='line_1_20' title="bbox 8 2668 1106 2816; baseline 0.004 -57"><span class='ocrx_word' id='word_1_135' title='bbox 8 2668 11 2678; x_wconf 38' lang='lat'><strong><em>⁵</em></strong></span> <span class='ocrx_word' id='word_1_136' title='bbox 93 2687 141 2760; x_wconf 89' lang='lat' dir='ltr'><strong>ad</strong></span> <span class='ocrx_word' id='word_1_137' title='bbox 167 2713 209 2760; x_wconf 87' lang='lat' dir='ltr'><strong>ea</strong></span> <span class='ocrx_word' id='word_1_138' title='bbox 236 2701 379 2787; x_wconf 78' lang='lat' dir='ltr'><strong>spectet</strong></span> <span class='ocrx_word' id='word_1_139' title='bbox 398 2715 481 2816; x_wconf 57' lang='lat' dir='ltr'><strong>(pute</strong></span> <span class='ocrx_word' id='word_1_140' title='bbox 504 2691 620 2790; x_wconf 91' lang='lat' dir='ltr'><strong>paulo</strong></span> <span class='ocrx_word' id='word_1_141' title='bbox 645 2707 732 2764; x_wconf 88' lang='lat' dir='ltr'><strong>ante</strong></span> <span class='ocrx_word' id='word_1_142' title='bbox 752 2691 826 2791; x_wconf 81' lang='lat' dir='ltr'><strong>(a)</strong></span> <span class='ocrx_word' id='word_1_143' title='bbox 850 2693 1106 2792; x_wconf 89' lang='lat' dir='ltr'><strong>promisimus.</strong></span> 
     </span>
     <span class='ocr_line' id='line_1_21' title="bbox 4 2807 1104 2908; baseline 0.005 -34"><span class='ocrx_word' id='word_1_144' title='bbox 4 2879 6 2900; x_wconf 18' lang='grc' dir='ltr'>Β</span> <span class='ocrx_word' id='word_1_145' title='bbox 87 2808 187 2905; x_wconf 70' lang='grc' dir='ltr'><strong>ΙΝειηι</strong></span> <span class='ocrx_word' id='word_1_146' title='bbox 213 2809 336 2878; x_wconf 82' lang='lat' dir='ltr'><strong>statim</strong></span> <span class='ocrx_word' id='word_1_147' title='bbox 365 2831 409 2880; x_wconf 88' lang='lat' dir='ltr'><strong>ac</strong></span> <span class='ocrx_word' id='word_1_148' title='bbox 436 2807 577 2882; x_wconf 89' lang='lat' dir='ltr'><strong>litteras</strong></span> <span class='ocrx_word' id='word_1_149' title='bbox 605 2809 842 2908; x_wconf 87' lang='lat' dir='ltr'><strong>perlegeram</strong></span> <span class='ocrx_word' id='word_1_150' title='bbox 871 2808 1027 2906; x_wconf 83' lang='lat' dir='ltr'><strong>losephi</strong></span> <span class='ocrx_word' id='word_1_151' title='bbox 1054 2815 1104 2882; x_wconf 91' lang='lat' dir='ltr'><strong>M.</strong></span> 
     </span>
     <span class='ocr_line' id='line_1_22' title="bbox 4 2901 1108 3024; baseline 0.004 -30"><span class='ocrx_word' id='word_1_152' title='bbox 4 2901 8 3020; x_wconf 44' lang='grc' dir='ltr'><em>ζ</em></span> <span class='ocrx_word' id='word_1_153' title='bbox 92 2922 284 3013; x_wconf 87' lang='lat' dir='ltr'><strong>Verlichi,</strong></span> <span class='ocrx_word' id='word_1_154' title='bbox 310 2926 418 3021; x_wconf 86' lang='lat' dir='ltr'><strong>cujus</strong></span> <span class='ocrx_word' id='word_1_155' title='bbox 442 2925 536 2996; x_wconf 90' lang='lat' dir='ltr'><strong>mibi</strong></span> <span class='ocrx_word' id='word_1_156' title='bbox 562 2926 759 3024; x_wconf 87' lang='lat' dir='ltr'><strong>diligentia</strong></span> <span class='ocrx_word' id='word_1_157' title='bbox 778 2981 789 3014; x_wconf 91' lang='lat'><strong>,</strong></span> <span class='ocrx_word' id='word_1_158' title='bbox 825 2927 1024 3024; x_wconf 84' lang='lat' dir='ltr'><strong>ingenium</strong></span> <span class='ocrx_word' id='word_1_159' title='bbox 1071 2941 1108 2998; x_wconf 89' lang='lat' dir='ltr'><strong>et</strong></span> 
     </span>
     <span class='ocr_line' id='line_1_23' title="bbox 4 3029 1122 3140; baseline 0 -28"><span class='ocrx_word' id='word_1_160' title='bbox 4 3029 7 3124; x_wconf 51' lang='lat' dir='ltr'>f</span> <span class='ocrx_word' id='word_1_161' title='bbox 91 3040 285 3114; x_wconf 87' lang='lat' dir='ltr'><strong>assiduum</strong></span> <span class='ocrx_word' id='word_1_162' title='bbox 311 3044 352 3114; x_wconf 92' lang='lat' dir='ltr'><strong>in</strong></span> <span class='ocrx_word' id='word_1_163' title='bbox 376 3041 585 3140; x_wconf 87' lang='lat' dir='ltr'><strong>disciplinis</strong></span> <span class='ocrx_word' id='word_1_164' title='bbox 612 3042 769 3114; x_wconf 92' lang='lat' dir='ltr'><strong>medicis</strong></span> <span class='ocrx_word' id='word_1_165' title='bbox 790 3041 958 3114; x_wconf 89' lang='lat' dir='ltr'><strong>studium</strong></span> <span class='ocrx_word' id='word_1_166' title='bbox 994 3066 1040 3112; x_wconf 85' lang='lat' dir='ltr'><strong>ex</strong></span> <span class='ocrx_word' id='word_1_167' title='bbox 1061 3067 1122 3114; x_wconf 89' lang='lat' dir='ltr'><strong>eo.</strong></span> 
     </span>
     <span class='ocr_line' id='line_1_24' title="bbox 4 3149 1106 3258; baseline 0.002 -28"><span class='ocrx_word' id='word_1_168' title='bbox 4 3149 7 3160; x_wconf 73' lang='grc'><strong>’</strong></span> <span class='ocrx_word' id='word_1_169' title='bbox 92 3165 219 3258; x_wconf 89' lang='lat' dir='ltr'><strong>usque&#39;</strong></span> <span class='ocrx_word' id='word_1_170' title='bbox 239 3175 409 3258; x_wconf 84' lang='lat' dir='ltr'><strong>tempore</strong></span> <span class='ocrx_word' id='word_1_171' title='bbox 427 3185 504 3258; x_wconf 94' lang='lat' dir='ltr'><strong>quo</strong></span> <span class='ocrx_word' id='word_1_172' title='bbox 523 3184 583 3231; x_wconf 91' lang='lat' dir='ltr'><strong>me</strong></span> <span class='ocrx_word' id='word_1_173' title='bbox 601 3159 665 3231; x_wconf 90' lang='lat' dir='ltr'><strong>hic</strong></span> <span class='ocrx_word' id='word_1_174' title='bbox 683 3158 875 3247; x_wconf 88' lang='lat' dir='ltr'><strong>audiebat,</strong></span> <span class='ocrx_word' id='word_1_175' title='bbox 896 3159 1106 3258; x_wconf 85' lang='lat' dir='ltr'><strong>spectatum</strong></span> 
     </span>
     <span class='ocr_line' id='line_1_25' title="bbox 4 3269 1105 3377; baseline 0.003 -29"><span class='ocrx_word' id='word_1_176' title='bbox 4 3269 5 3276; x_wconf 50' lang='lat'><em>&#39;</em></span> <span class='ocrx_word' id='word_1_177' title='bbox 93 3291 173 3367; x_wconf 90' lang='lat' dir='ltr'><strong>est,</strong></span> <span class='ocrx_word' id='word_1_178' title='bbox 191 3275 332 3376; x_wconf 91' lang='lat' dir='ltr'><strong>quibus</strong></span> <span class='ocrx_word' id='word_1_179' title='bbox 353 3277 486 3352; x_wconf 88' lang='lat' dir='ltr'><strong>litteris</strong></span> <span class='ocrx_word' id='word_1_180' title='bbox 510 3303 590 3350; x_wconf 92' lang='lat' dir='ltr'><strong>non</strong></span> <span class='ocrx_word' id='word_1_181' title='bbox 615 3278 743 3350; x_wconf 86' lang='lat' dir='ltr'><strong>minus</strong></span> <span class='ocrx_word' id='word_1_182' title='bbox 763 3301 846 3377; x_wconf 86' lang='lat' dir='ltr'><strong>quae</strong></span> <span class='ocrx_word' id='word_1_183' title='bbox 866 3277 907 3348; x_wconf 92' lang='lat' dir='ltr'><strong>in</strong></span> <span class='ocrx_word' id='word_1_184' title='bbox 931 3292 1105 3370; x_wconf 88' lang='lat' dir='ltr'><strong>mortuo,</strong></span> 
     </span>
     <span class='ocr_line' id='line_1_26' title="bbox 92 3392 1105 3500; baseline 0.005 -36"><span class='ocrx_word' id='word_1_185' title='bbox 92 3392 140 3464; x_wconf 88' lang='lat' dir='ltr'><strong>ab</strong></span> <span class='ocrx_word' id='word_1_186' title='bbox 159 3419 197 3466; x_wconf 90' lang='lat' dir='ltr'><strong>se</strong></span> <span class='ocrx_word' id='word_1_187' title='bbox 216 3393 400 3483; x_wconf 90' lang='lat' dir='ltr'><strong>dissecto,</strong></span> <span class='ocrx_word' id='word_1_188' title='bbox 420 3395 758 3500; x_wconf 80' lang='lat' dir='ltr'><strong>animadverterat,</strong></span> <span class='ocrx_word' id='word_1_189' title='bbox 785 3419 900 3493; x_wconf 88' lang='lat' dir='ltr'><strong>quam</strong></span> <span class='ocrx_word' id='word_1_190' title='bbox 924 3395 964 3466; x_wconf 92' lang='lat' dir='ltr'><strong>in</strong></span> <span class='ocrx_word' id='word_1_191' title='bbox 984 3421 1105 3494; x_wconf 78' lang='lat' dir='ltr'><strong>aegro,</strong></span> 
     </span>
     <span class='ocr_line' id='line_1_27' title="bbox 92 3509 1103 3609; baseline 0.006 -28"><span class='ocrx_word' id='word_1_192' title='bbox 92 3512 155 3582; x_wconf 91' lang='lat' dir='ltr'><strong>cui</strong></span> <span class='ocrx_word' id='word_1_193' title='bbox 166 3509 344 3601; x_wconf 84' lang='lat' dir='ltr'><strong>affuerat,</strong></span> <span class='ocrx_word' id='word_1_194' title='bbox 361 3511 643 3609; x_wconf 89' lang='lat' dir='ltr'><strong>prescribebat;</strong></span> <span class='ocrx_word' id='word_1_195' title='bbox 665 3514 742 3587; x_wconf 89' lang='lat' dir='ltr'><strong>visa</strong></span> <span class='ocrx_word' id='word_1_196' title='bbox 753 3512 847 3585; x_wconf 91' lang='lat' dir='ltr'><strong>mibi</strong></span> <span class='ocrx_word' id='word_1_197' title='bbox 865 3537 925 3586; x_wconf 87' lang='lat' dir='ltr'><strong>res</strong></span> <span class='ocrx_word' id='word_1_198' title='bbox 941 3529 996 3586; x_wconf 90' lang='lat' dir='ltr'><strong>est</strong></span> <span class='ocrx_word' id='word_1_199' title='bbox 1016 3539 1103 3587; x_wconf 91' lang='lat' dir='ltr'><strong>cum</strong></span> 
     </span>
     <span class='ocr_line' id='line_1_28' title="bbox 93 3629 1105 3729; baseline 0.005 -29"><span class='ocrx_word' id='word_1_200' title='bbox 93 3653 138 3700; x_wconf 90' lang='lat' dir='ltr'><strong>eo</strong></span> <span class='ocrx_word' id='word_1_201' title='bbox 152 3651 241 3702; x_wconf 87' lang='lat' dir='ltr'><strong>casu</strong></span> <span class='ocrx_word' id='word_1_202' title='bbox 257 3653 376 3726; x_wconf 90' lang='lat' dir='ltr'><strong>quem</strong></span> <span class='ocrx_word' id='word_1_203' title='bbox 389 3629 638 3729; x_wconf 89' lang='lat' dir='ltr'><strong>descripserat</strong></span> <span class='ocrx_word' id='word_1_204' title='bbox 650 3633 708 3703; x_wconf 92' lang='lat' dir='ltr'><strong>vir</strong></span> <span class='ocrx_word' id='word_1_205' title='bbox 722 3631 982 3720; x_wconf 90' lang='lat' dir='ltr'><strong>doctissimus,</strong></span> <span class='ocrx_word' id='word_1_206' title='bbox 997 3633 1105 3728; x_wconf 89' lang='lat' dir='ltr'><strong>cujus</strong></span> 
     </span>
    </p>
   </div>
   <div class='ocr_carea' id='block_1_3' title="bbox 127 3909 346 4091">
    <p class='ocr_par' dir='ltr' id='par_1_4' title="bbox 127 3909 346 4091">
     <span class='ocr_line' id='line_1_29' title="bbox 130 3909 346 3999; baseline 0.014 -13"><span class='ocrx_word' id='word_1_207' title='bbox 130 3909 173 3988; x_wconf 75' lang='grc' dir='ltr'><strong>(ι)</strong></span> <span class='ocrx_word' id='word_1_208' title='bbox 195 3913 296 3970; x_wconf 65' lang='lat' dir='ltr'><strong>se-</strong></span> <span class='ocrx_word' id='word_1_209' title='bbox 344 3994 346 3999; x_wconf 67' lang='grc'>,</span> 
     </span>
     <span class='ocr_line' id='line_1_30' title="bbox 127 4011 297 4091; baseline -0.012 -19"><span class='ocrx_word' id='word_1_210' title='bbox 127 4011 172 4091; x_wconf 70' lang='lat' dir='ltr'><strong>(a)</strong></span> <span class='ocrx_word' id='word_1_211' title='bbox 193 4014 232 4072; x_wconf 80' lang='lat' dir='ltr'><strong>u.</strong></span> <span class='ocrx_word' id='word_1_212' title='bbox 251 4013 297 4072; x_wconf 84' lang='lat'><strong>36.</strong></span> 
     </span>
    </p>
   </div>
   <div class='ocr_carea' id='block_1_4' title="bbox 0 0 1414 4668">
    <p class='ocr_par' dir='ltr' id='par_1_5' title="bbox 0 0 1414 4668">
     <span class='ocr_line' id='line_1_31' title="bbox 0 0 1414 4668; baseline 0 0"><span class='ocrx_word' id='word_1_213' title='bbox 0 0 1414 4668; x_wconf 95' lang='lat' dir='ltr'><strong> </strong></span> 
     </span>
    </p>
   </div>
  </div>
 </body>
</html>
