2808 4664
149 459 216 508 am.
244 461 283 506 11.
311 461 357 511 aa
383 459 518 506 moaars
543 458 734 520 ruoaacts,
760 460 871 507 amsa.
893 463 996 508 xxur.
1026 438 1095 512 235

100 576 195 646 Guil.
214 573 385 670 Agricola
402 572 474 668 (ι)
498 571 749 668 pericardium
766 595 852 644 cum
867 575 988 674 corde
999 601 1096 674 pene

99 694 180 767 toto
209 706 427 766 concretum
457 705 542 788 post
572 689 734 762 thoracis
765 689 1100 768 mflammationem

101 810 325 909 (postquam
350 835 428 882 non
457 807 576 882 solum
594 806 803 904 lluyachius
821 809 895 906 (a),
922 811 986 882 sed
1007 817 1100 884 Hot-

98 928 341 1026 tiugerusl3)‚
352 913 612 1026 aliiqueetiam
626 925 816 1022 viderant)
829 938 1000 1000 accurate
1017 930 1100 1002 des-

101 1045 268 1133 cribens,
291 1045 576 1143 palpitationem
590 1042 714 1116 cordis
734 1044 975 1118 celerrimam
989 1047 1038 1118 ad
1050 1045 1103 1138 ti-

97 1187 186 1238 nem
204 1188 324 1260 usque
341 1163 423 1236 vitra
433 1176 720 1250 commemorat,
733 1164 959 1238 nonomittit
975 1179 1102 1235 tamen

98 1281 226 1354 cordis
246 1283 340 1354 mire
354 1287 499 1354 auctam
515 1281 833 1378 magnitudinem,
852 1282 1007 1380 ejusque
1018 1282 1101 1354 tha-

96 1399 308 1499 lamorum,
326 1413 364 1474 et
381 1399 654 1484 auricularum,
672 1379 823 1472 etvenae
841 1424 936 1472 oavae
956 1382 1103 1499 capaci-

95 1529 229 1604 tatem,
264 1515 473 1616 plenosque
510 1517 718 1589 tuberculis
751 1518 961 1615 pulmones.
999 1520 1102 1608 Quin

96 1634 209 1707 etiam
230 1647 401 1708 cumter·
423 1631 511 1704 alias
543 1632 713 1704 eamdem
740 1634 874 1704 viderit
891 1636 1104 1706 concretio-

95 1775 185 1826 nem
202 1751 273 1848 (A),
294 1765 331 1824 ct
347 1750 463 1826 semel
476 1749 629 1846 quidem
649 1749 716 1818 ubi
733 1751 932 1845 pulmones
949 1751 1032 1822 labe
1048 1775 1104 1822 ca-

97 1868 252 1956 rebant,
278 1866 428 1940 nullum
451 1865 499 1936 de
522 1865 767 1962 palpitatione
787 1865 944 1940 verbum
967 1865 1104 1956 habet;

95 1985 162 2060 sed
186 1999 332 2058 tantum
348 1985 559 2080 suspicatur
575 1983 615 2050 in
626 1982 801 2078 malignis
818 1971 1041 2080 quibusdam
1055 1981 1106 2056 le-

94 2101 231 2178 bribus
251 2123 436 2173 summam
453 2098 541 2170 inde
559 2122 637 2171 esse
654 2099 911 2186 debilitatem,
941 2101 1107 2200 lipothy-

95 2223 204 2307 miae,
220 2233 257 2290 et
267 2215 697 2314 syncopesrepetendas.
710 2220 826 2287 Porro
837 2243 961 2316 neque
980 2221 1101 2316 pratel.

96 2336 257 2411 Plancus
272 2333 347 2432 (5),
365 2335 432 2430 qui
444 2357 495 2404 ex
512 2335 683 2431 graviore
703 2335 819 2404 sterni
844 2336 922 2407 ictu
940 2339 1104 2434 pericar-

95 2437 150 2526 dii
168 2452 215 2524 ad
232 2475 298 2524 cor
318 2451 571 2522 adhaesionem
592 2475 847 2550 saepenumero
867 2454 1104 2528 animadver-

95 2572 158 2659 tit,
183 2570 282 2644 hauc
298 2584 456 2668 propter
472 2568 644 2676 eamdem
664 2591 810 2648 causam
835 2572 873 2642 in
893 2571 1104 2670 hydropico

95 2711 336 2785 proponens,
360 2687 643 2784 palpitationem
671 2690 902 2760 memoravit.
926 2691 1018 2780 Quae
1039 2691 1107 2762 etsi

96 2803 248 2890 fuisset,
265 2803 423 2876 dubium
443 2820 569 2878 tamen
588 2821 703 2894 esset,
722 2805 771 2878 ab
792 2806 1003 2878 adhaesione
1019 2807 1102 2890 illa,

97 2947 145 2995 an
161 2923 209 2994 ab
237 2946 344 2995 osseo
361 2922 505 2992 annulo
523 2921 744 3008 deduceres,
768 2949 857 3020 quo
869 2925 944 2993 ima
966 2925 1105 2994 sinistri

98 3037 224 3112 cordia
238 3037 438 3110 ventriculi
463 3063 548 3136 pars
563 3037 803 3138 cingebatur,
822 3065 901 3110 non
925 3061 1034 3110 secus
1051 3053 1106 3109 at·
1127 3079 1131 3092 ·

98 3181 175 3254 que
194 3157 233 3231 in
246 3155 525 3246 observatione,
545 3155 821 3255 quampridem
837 3156 970 3255 legeris
988 3155 1101 3226 etto.

205 3876 368 3932 Commerc.
384 3875 441 3930 litt.
456 3893 505 3934 an.
521 3877 609 3952 1736,
627 3853 717 3944 hebd,
731 3887 767 3947 [ιι
781 3879 813 3934 in
828 3876 895 3933 fint-

157 3986 185 4064 5)
207 3989 299 4064 Epist.
310 3991 346 4046 de
358 3999 479 4044 monstr.
636 3997 637 4002 ’
