2824 4668
289 501 360 574 330
452 521 498 567 ne
524 516 669 566 siim-ens
693 512 738 564 ET
762 514 1121 572 cinsismneoiuir

288 653 326 712 et
342 637 474 708 molles
498 659 574 706 una
594 647 716 705 essent
740 633 811 703 atri
834 633 1027 730 sanguinis
1047 635 1195 728 gronii,
1214 659 1298 732 quo
1405 707 1406 720 ,

287 757 362 826 vita
385 753 522 826 servani
547 775 606 822 me
631 749 678 820 ad
698 749 886 821 nonnirlia
915 747 1068 847 quidem
1096 769 1301 824 momenta·

287 873 453 972 poiuisse
471 869 680 957 videretur,
696 883 784 968 post
805 867 953 940 obitum
982 868 1147 966 denique
1171 873 1295 941 maxi-

287 1015 388 1061 mam
397 988 594 1087 sanguinis·
603 1001 746 1086 partem
763 987 802 1056 in
820 1007 881 1058 eas
896 988 1160 1059 concretiones
1181 985 1296 1062 fuisse

289 1123 467 1180 coactam.
480 1109 612 1202 Neque
631 1105 739 1175 aliter
757 1101 934 1176 accidisse
949 1106 987 1174 in
1002 1105 1046 1176 iis
1057 1105 1296 1203 suspicabar,

288 1249 386 1323 quos
398 1228 576 1294 Lowerus
593 1221 646 1318 (i)
663 1223 843 1319 scripsiea
854 1245 893 1294 se
908 1221 1105 1310 dissectos,
1123 1229 1295 1312 miratus,

289 1341 403 1412 corde
421 1355 457 1411 et
470 1341 566 1412 vasis
581 1340 674 1412 adeo
689 1337 855 1412 insa-retis
864 1394 874 1427 ‚
893 1339 1047 1410 corallo
1057 1339 1174 1411 modo
1188 1365 1296 1413 cons·

289 1463 420 1556 iringi,
445 1475 515 1528 aut
537 1457 719 1555 reliquam
736 1461 953 1554 sanguinem
976 1457 1102 1528 adhuc
1112 1457 1296 1554 fluidum,

288 1576 461 1647 advitam
474 1591 511 1646 ec
521 1575 692 1646 calorem
712 1576 935 1674 inpartibus
950 1575 1249 1648 conservandum
1262 1583 1300 1646 in

290 1701 385 1766 vasis
400 1699 475 1764 istis
486 1690 915 1791 proeterlabipotuisse,·
935 1715 983 1762 ne
1001 1691 1092 1789 quid
1110 1691 1161 1763 de
1179 1715 1227 1764 eo
1245 1693 1299 1764 di-

288 1833 395 1899 cam,
413 1811 450 1879 in
470 1833 547 1906 quo
570 1809 618 1879 ab
644 1810 688 1880 iis
705 1807 1012 1880 concretionibus
1030 1809 1188 1880 alterius
1207 1835 1297 1880 ven*-

286 1928 413 2000 trieuli
430 1926 555 1999 cordis
570 1928 708 1998 ostium
723 1927 773 1997 iia
791 1941 870 1997 erat
882 1923 1136 2012 obduratum,
1151 1941 1195 1998 ut
1204 1951 1297 2024 pem

288 2070 348 2117 nae
363 2051 547 2116 anserina!
563 2043 690 2114 atilius
711 2049 749 2114 in
774 2043 1032 2148 ventriculum,
1045 2067 1125 2142 pro
1149 2047 1302 2142 influxu*

286 2169 476 2260 sanguinis
487 2170 548 2236 vix
559 2177 731 2250 restaret,
744 2162 896 2233 alterius
910 2175 1034 2232 autem
1048 2161 1191 2232 ostium
1201 2187 1299 2260 aegre

287 2281 411 2377 digitis
436 2279 579 2350 recludi
595 2285 775 2379 pomerii.
799 2279 1038 2376 Adjuvabani
1056 2281 1297 2376 suspiciones

287 2396 355 2466 has
374 2411 453 2466 tum
471 2395 635 2468 historioe
654 2397 812 2485 similes,
830 2411 910 2468 tum
931 2395 1017 2484 alia,
1034 2416 1297 2495 quorum-par-

287 2512 355 2584 tim
375 2512 495 2610 paulo·
517 2506 602 2584 aiite
629 2516 754 2612 attigi,
782 2515 923 2614 partim·
937 2513 1035 2584 infra
1052 2513 1296 2600 memorabo,

287 2645 369 2700 tum
387 2653 429 2700 ea
449 2657 530 2728 quae
547 2631 647 2729 apud
669 2631 854 2728 quosdam
869 2645 1049 2703 auctore&
1061 2630 1297 2728 legebam‚ut

286 2763 379 2846 puta
403 2749 504 2846 apud
532 2750 726 2820 Coiterum
751 2764 862 2846 atque
887 2749 1089 2820 Riverium.
1122 2751 1296 2839 Quorum

288 2863 351 2935 ille
371 2889 457 2936 cum
476 2866 640 2964 polypos
662 2863 939 2953 vermiformes,
958 2879 1001 2936 ut
1017 2864 1296 2962 supra(2·)rele·

288 2998 369 3053 tum
395 2997 470 3073 est,
487 3005 566 3054 non
587 3007 697 3057 secue
715 2983 754 3053 in
780 2984 824 3054 iis
843 2983 910 3080 qui
935 2981 1157 3081 suspendio,
1182 3005 1296 3080 quam

287 3101 328 3170 in
347 3125 389 3172 ea
411 3123 493 3198 quae
511 3100 728 3199 phrenitide
746 3115 877 3172 necata
898 3097 1050 3190 fuerat,
1068 3101 1297 3184 invenisset,

289 3241 359 3289 nec
380 3222 474 3289 ratio
496 3234 713 3316 appareret,
731 3241 800 3290 cur
815 3219 855 3288 in
868 3219 1002 3316 primis
1017 3217 1091 3289 illis
1107 3241 1192 3289 esse
1210 3232 1296 3289 ante

291 3331 437 3404 obitum
460 3335 697 3424 debuissent3
719 3337 759 3406 in
784 3335 899 3407 altera
919 3331 1073 3432 qu'oque
1090 3349 1178 3432 post
1195 3358 1299 3404 mor·

289 3463 367 3520 tem
388 3449 541 3522 demum
560 3451 713 3525 formari
730 3455 897 3552 potuisse
915 3451 1161 3524 ·videbantur.
1189 3451 1297 3520 Rive-

291 3567 369 3638 rius
381 3583 521 3658 autem,
539 3572 638 3641 utin
654 3569 901 3669 Sepulchreto
915 3568 970 3666 (3)
983 3568 1100 3666 leges,
1111 3565 1297 3639 observa-

293 3739 1292 3770 ...nm-...W

331 3851 375 3942 (i)
395 3869 495 3924 Tract.
511 3867 548 3926 de
560 3869 667 3939 corde,
681 3889 707 3926 c.
721 3888 750 3926 α.

329 3961 372 4039 (2)
392 3965 430 4021 N.
447 3966 494 4022 23.

330 4059 374 4136 (3)
395 4064 428 4118 L.
447 4080 481 4136 2,
497 4083 519 4121 s.
532 4064 568 4138 8,
580 4065 645 4124 ohe.
661 4074 707 4135 τε.
