2820 4668
135 481 203 528 mo.
232 481 272 526 n.
300 480 346 528 oo
373 477 510 526 nonnis
534 476 733 536 monton,
752 469 863 528 nono.
884 478 997 528 xxvn.
1028 456 1097 530 523

84 595 324 692 potissimum
349 591 511 691 pedibus
532 594 609 689 jam
635 593 820 666 diu'sunt
848 596 1100 694 pervulgatae,

86 711 201 810 plane
218 711 480 810 comprobant.
498 711 568 782 sed
582 711 661 782 haeo
674 711 772 793 dicta
786 715 880 801 sint,
897 739 975 784 non
994 713 1099 811 quod

90 831 231 902 ossium
250 831 374 902 desint
393 827 870 921 observationesincarnea
881 831 962 928 ipsa
975 830 1100 902 cordis

89 947 316 1034 substantiae
333 947 398 1019 sed
409 963 451 1018 ut
462 970 550 1019 vera
565 969 647 1018 ossa
661 971 739 1018 esse
755 971 834 1018 non
856 950 1023 1046 potuisse
1050 975 1099 1020 nc

90 1065 259 1154 dicatur,
279 1067 349 1138 nisi
374 1064 470 1138 forte
496 1064 543 1137 ab
565 1067 610 1137 iis
631 1067 696 1162 qui
725 1091 773 1137 ne
792 1067 918 1136 avium
945 1067 1100 1164 quidem
1169 1155 1173 1158 .

88 1185 178 1256 illos
196 1185 370 1278 tendinos
380 1185 418 1254 in
432 1207 515 1256 ossa
531 1185 722 1274 converti,
742 1183 807 1256 sed
822 1184 862 1253 in
876 1185 1101 1256 calculosam

89 1305 220 1402 potius
245 1302 492 1375 substantiam
521 1315 652 1374 contra
682 1327 860 1375 sensuum
888 1305 1102 1376 testimonia

90 1420 386 1510 contenderent3
408 1435 510 1494 certe
532 1422 650 1508 enim,
668 1437 711 1492 ut
729 1421 799 1492 alia
821 1437 1037 1519 praeteream
1050 1475 1060 1507 ,
1075 1421 1102 1491 ii

89 1539 286 1628 tendines,
310 1541 407 1610 ossei
427 1541 479 1610 sic
500 1539 586 1610 sotis
601 1540 679 1634 jam
704 1537 808 1625 facti,
833 1540 955 1610 donec
976 1539 1104 1610 tenuia*

90 1656 286 1728 filamenta
306 1672 370 1728 aut
389 1671 521 1727 tenues
537 1655 693 1726 lameltae
711 1669 816 1742 sunt,
834 1655 984 1727 anobis
1002 1655 1106 1727 haud

43 1769 45 1772 ’
93 1797 203 1846 secus
215 1797 258 1844 ao
274 1797 420 1872 ungues
435 1789 499 1844 aut
513 1795 653 1844 cornea
668 1773 807 1844 lamina
820 1770 922 1875 flecti
934 1789 1116 1872 possunt,-

93 1919 116 1964 α
133 1891 296 1964 flexione
309 1907 435 1963 autern
452 1893 636 1964 continuo
649 1893 689 1962 in
700 1891 966 1964 rectitudinem
980 1913 1018 1963 se
1034 1889 1107 1964 r'es·

93 2012 264 2083 tituunt:
284 2010 397 2106 quisi
417 2033 462 2080 ex
482 2009 669 2082 calculoso
692 2023 755 2080 ant
773 2024 933 2080 tartareo
951 2009 1107 2081 materia

95 2143 334 2214 constarent,
361 2125 627 2226 frangerentur
653 2127 776 2217 illico,
793 2139 837 2212 ¹et
859 2129 898 2198 in
923 2126 1107 2228 fragmina

97 2245 311 2318 dissilirent.

152 2362 205 2432 18.
223 2366 365 2434 Verum
385 2377 427 2433 ut
442 2361 489 2433 ad
502 2363 672 2460 exempla
685 2363 762 2459 jam
776 2365 943 2453 veniam',
961 2365 1005 2435 cl.
1027 2367 1109 2436 Rei·
1123 2381 1125 2388 ’

11 2573 12 2578 ἵ
98 2492 282 2564 mannum
300 2479 354 2576 (1)
371 2479 433 2550 hic
448 2505 527 2552 non
541 2480 683 2570 citab0‚
705 2483 794 2578 quia
805 2501 892 2554 cum
907 2485 1108 2582 proposuit

11 2631 13 2696 3
95 2621 118 2667 a
138 2621 176 2669 se
194 2599 290 2670 visas
304 2597 499 2670 columnas
526 2622 703 2688 carneas,
729 2601 784 2672 ad
807 2600 930 2672 latera
954 2603 1107 2675 alterins

98 2713 301 2786 ventriculi
323 2715 448 2788 cordis
479 2732 686 2805 exstantes,
709 2726 858 2814 penitus
881 2721 1108 2816 ossifioams,

99 2831 194 2904 illud
212 2833 397 2904 continuo
415 2833 597 2929 subjecit,
613 2850 699 2922 ant,
720 2842 753 2904 si
766 2842 898 2923 mavis,
917 2833 1027 2906 silini
1041 2843 1110 2908 ins-

99 2965 162 3020 tar
176 2949 396 3036 induratas;
415 2949 481 3020 sed
499 2952 626 3046 potius
644 2951 924 3048 antiquioribus
939 2951 1112 3025 observa-

97 3065 268 3138 tionibus
285 3081 371 3138 ntor
386 3068 498 3154 meis,
513 3089 607 3164 qnos
621 3070 768 3140 tametsi
778 3069 887 3140 annis
899 3067 1108 3170 habui17o7
1185 3083 1187 3090 “

11 3251 12 3266 ,
99 3199 137 3257 et
160 3207 270 3280 17173
291 3185 468 3280 praeclare
487 3199 614 3256 tamen
634 3184 758 3256 adhuc
783 3186 861 3258 scio
881 3211 942 3287 me
963 3213 1042 3259 non
1063 3191 1110 3261 si-

11 3391 13 3410 ,
98 3302 192 3373 lices
220 3316 284 3372 aut
311 3302 493 3389 calculos,
511 3301 576 3376 sed
595 3325 682 3374 vera
711 3327 794 3376 ossa
815 3307 855 3373 in
875 3327 1009 3377 carnea
1027 3307 1111 3380 sub-

100 3421 236 3492 stantia
260 3419 384 3491 cordis
399 3419 545 3493 vidisse.
570 3423 707 3492 Ear'um
729 3422 1039 3496 observationum
1059 3424 1112 3498 al'·

98 3553 219 3610 teram
233 3537 349 3610 babes
362 3539 401 3607 in
417 3535 487 3608 bac
501 3539 658 3638 epistola
669 3540 742 3640 (2),
760 3541 915 3630 alteram
931 3543 972 3614 in
984 3543 1110 3642 111(3)‚

1215 2765 1220 2796 1
