2808 4664
302 495 370 544 212
466 491 513 540 m!
539 490 684 540 seuleus
708 491 752 538 ET
777 487 901 538 CAUSIS
925 483 1135 540 HOUORUH

300 607 486 692 cavimus,
501 629 546 676 eo
560 617 749 676 servantes
763 601 829 674 ubi
840 600 888 675 de
903 602 1082 702 pulsuum
1089 605 1207 693 vitiis,
1222 629 1303 704 quae

299 723 410 796 simul
430 723 607 809 aderant,
622 719 738 792 verba
756 717 1030 818 faciemus(1);
1044 721 1117 792 iltis
1136 719 1200 792 hic
1221 737 1303 794 ute-

298 825 385 913 rfiur
398 835 720 912 observationibus
732 838 771 908 in
787 836 927 935 quibus
939 863 1026 910 cum
1044 853 1157 910 aortae
1174 838 1302 910 valvu-

298 957 343 1029 1ae
359 954 501 1054 frigidae
519 968 642 1026 essent
655 1007 665 1041 ,
680 967 793 1051 atque
808 951 1009 1042 inflexiles,
1028 955 1228 1052 palpitatio
1245 969 1300 1026 ta·

297 1099 387 1147 men
415 1071 519 1144 nulla
544 1085 893 1143 commemoratur:
916 1069 1021 1168 quod
1046 1071 1194 1143 incuria
1221 1088 1301 1143 tan·

245 1281 248 1288 ι
296 1207 401 1279 tum,
425 1204 489 1266 aut
515 1188 706 1260 oblivione
733 1189 771 1258 in
798 1186 872 1260 illis
894 1187 1073 1260 omnibus
1096 1189 1300 1278 accidisse,

295 1307 496 1381 verisimile
517 1329 596 1377 non
614 1303 786 1393 videtur,
802 1306 1006 1402 praesertim
1024 1330 1111 1376 cum
1135 1305 1176 1376 id
1199 1321 1298 1378 certe

294 1425 390 1500 mihi
413 1449 492 1496 non
522 1420 720 1507 acciderit,
749 1421 859 1493 sicuti
886 1420 1036 1494 relectis
1067 1422 1298 1520 quibusdam

295 1567 425 1617 earum
439 1549 533 1640 quas
544 1539 633 1610 alias
643 1538 830 1628 misimus,
843 1537 1083 1612 historiarum
1097 1538 1205 1612 facile
1216 1565 1298 1639 cog-

293 1681 439 1734 nosces.
468 1658 562 1730 vide
590 1658 691 1727 enim
716 1669 758 1728 ut
782 1658 822 1727 in
849 1669 977 1729 sutore
1002 1653 1074 1756 (a)
1097 1675 1224 1730 essent
1249 1681 1297 1730 eae

292 1777 446 1852 valvulae
468 1777 508 1846 in
533 1799 572 1848 se
597 1787 818 1863 contractae,
846 1773 1065 1872 subrigidae,
1089 1790 1204 1874 atque
1231 1775 1295 1847 du·

292 1895 486 1983 riusculae;
501 1913 703 1990 nunquam·
715 1905 857 1980 tamen,
873 1916 959 1964 cum
979 1891 1027 1964 de
1041 1907 1097 1964 tot
1111 1891 1192 1965 aliis
1209 1918 1296 1992 que·

293 2028 461 2100 reretur,
483 2010 530 2084 de
552 2008 796 2108 palpitatione
822 2023 1073 2106 conquestum
1098 2006 1213 2084 fuisse
1236 2035 1292 2084 ac·

293 2132 386 2229 cepi.
408 2134 554 2225 Atque,
577 2141 620 2198 ut
639 2149 754 2198 anum
775 2125 977 2223 quamdam
1002 2124 1082 2224 (3)
1104 2128 1291 2216 omittam,
1396 2125 1397 2164 i

292 2271 376 2346 qua
402 2269 492 2316 cum
511 2258 673 2332 aortam,
691 2257 729 2315 et
751 2267 866 2315 unam
891 2243 971 2339 ejus
988 2242 1222 2316 valvularum
1246 2245 1293 2319 sic

291 2360 409 2436 ferme
426 2362 646 2434 constitutas
666 2359 842 2451 haberet,
870 2375 913 2432 ut
939 2384 982 2431 ea
1007 2357 1292 2460 femina([2),a

293 2503 369 2579 qua
386 2479 426 2548 in
441 2476 545 2548 hunc
558 2502 770 2550 sermonem
787 2475 1026 2576 ingredicndi
1042 2480 1191 2552 occasio
1210 2481 1296 2594 dm,
1395 2551 1396 2558 ,

291 2611 365 2684 est,
385 2595 568 2669 similibus
584 2611 710 2667 tamen
734 2591 997 2666 affectionibus
1015 2593 1169 2667 minime
1186 2593 1294 2670 vexa!

290 2712 422 2801 batum
440 2736 547 2785 senes
563 2712 633 2784 tibi
654 2712 834 2810 descripsi
848 2709 946 2782 duos
959 2709 1025 2808 (5),
1042 2735 1212 2808 quorum
1235 2716 1290 2785 in-

290 2827 490 2903 commoda
509 2831 635 2900 omnia
650 2852 736 2899 cum
756 2829 972 2927 diligentius
999 2829 1223 2920 sciscitarer,
1247 2832 1290 2903 de

289 2948 414 3022 cordis
429 2945 741 3047 palpitationibus
755 2945 1003 3034 nihikaudivi,
1013 2946 1147 3044 pulsus
1155 2965 1290 3037 autem,

287 3081 330 3140 ut
346 3068 387 3136 in
402 3081 528 3138 sutore
543 3088 717 3162 quoque;
735 3087 824 3136 nam
838 3063 885 3136 de
902 3088 977 3136 auu
995 3088 1066 3161 pro
1088 3081 1192 3137 certo
1214 3091 1288 3137 non
1393 3093 1394 3110 ¹

288 3183 459 3271 memini,
473 3197 565 3254 tunc
588 3183 826 3282 potissimum
841 3205 927 3253 cum
943 3196 1032 3254 sunt
1051 3182 1287 3273 attendendi,
1393 3161 1394 3174 ἵ

288 3301 328 3372 id
339 3313 447 3372 ,extra
465 3299 725 3398 lipothymies,
737 3313 782 3370 et·
794 3300 1003 3397 graviorem
1018 3295 1185 3389 febrem,
1211 3325 1285 3372 non
