2850 4668
157 542 160 546 .
217 507 285 568 mn.
312 509 353 556 rr.
382 508 428 556 ur
454 491 945 576 uona1srroirsc1s,rrrsr.
972 513 1045 560 xm.
1099 490 1145 563 25

143 603 299 719 quoque
314 621 444 694 eadem
455 623 601 708 arteria,
618 637 653 694 et
669 623 780 694 iliacae
794 625 839 695 iis
850 627 1053 722 squamulis
1067 653 1146 699 non

142 739 332 811 carebant.
354 740 474 838 Pylori
493 739 679 812 orificium
700 741 747 812 ab
762 767 837 812 una
856 759 1002 814 tantum
1021 760 1147 840 parte,

143 883 230 947 sua,
255 883 369 956 quam
386 873 541 948 vocant,
564 860 710 930 valvula
736 861 962 932 instructum
977 878 1070 952 erat,
1098 862 1146 933 ab

141 977 289 1074 reliqua
308 992 404 1065 tota,
423 1001 542 1074 eaque
560 975 713 1074 majori,
734 978 827 1048 nihil
847 979 1032 1074 ejusmodi
1052 995 1148 1050 exta·

143 1093 227 1183 bat,
255 1119 325 1166 nec
353 1119 522 1193 unquam
550 1096 711 1166 extitisse
735 1096 957 1194 apparebat:
992 1097 1148 1194 insuper

142 1213 267 1309 ipsum
287 1237 355 1310 per
370 1235 408 1286 se
420 1211 608 1284 orificium
628 1214 749 1284 multo
765 1213 925 1313 amplius
941 1229 996 1286 est
1012 1215 1146 1303 visum,

142 1352 260 1426 quam
276 1330 401 1403 soleat.
563 1322 566 1330 ¹
1071 1335 1076 1348 ’

192 1449 305 1519 Renis
325 1449 464 1520 sinistri
490 1448 695 1521 substantia
721 1447 870 1522 duobus
895 1451 933 1520 in
957 1449 1051 1521 locis
1069 1464 1148 1522 erat

143 1579 337 1654 excavata,
353 1566 392 1637 in
410 1566 528 1638 altero
547 1569 682 1666 magis,
705 1569 744 1638 in
769 1569 890 1639 altero
915 1568 1069 1638 minus:
1097 1590 1147 1637 eae

142 1704 263 1752 caveae
280 1680 479 1756 humorem
497 1686 602 1783 quasi
617 1709 782 1784 aqueum
801 1684 1062 1771 continebant,
1085 1683 1148 1754 de-

142 1821 259 1898 super
268 1803 421 1900 propria
432 1804 533 1876 renis
547 1805 673 1874 tunica
687 1805 919 1903 conclusum.
931 1803 1063 1874 Vesica
1076 1801 1149 1870 uri-

140 1918 264 2006 naria,
282 1941 371 1989 sana
389 1921 633 2015 caeteroquin,
651 1909 887 1991 excrescebat
903 1921 941 1987 in
959 1918 1147 2004 herniam,

144 2033 362 2130 cujusmodi
387 2034 476 2104 alias
493 2035 559 2131 (ι)
578 2037 781 2132 proposui,
804 2033 1148 2130 hemisphaericam,

141 2149 393 2240 mediocrem,
412 2153 451 2221 in
469 2175 600 2248 qrram,
620 2153 748 2224 laxatis
770 2153 886 2254 ipsius
903 2152 1057 2238 tunicis,
1082 2175 1149 2248 pa·
1243 2245 1247 2256 Ι

141 2267 248 2340 rebat
261 2293 330 2366 per
345 2265 532 2341 orificium
548 2293 722 2368 parvum,
738 2293 851 2369 supra
863 2267 977 2340 finem
992 2267 1149 2339 ureteris

143 2386 286 2458 sinistri
302 2401 485 2485 apertum.
500 2387 571 2460 Sed
585 2387 813 2462 verabernia
824 2387 954 2472 altera,
965 2411 1046 2484 quae
1057 2385 1148 2456 olim

142 2501 899 2605 iritestinialicujuspartem,autmaj0rem
910 2530 1022 2602 quam
1033 2529 1149 2591 nunc,

143 2621 288 2692 omenti
305 2623 535 2695 continuisse
543 2621 760 2707 videbatur,
776 2621 824 2692 ad
835 2636 1000 2694 scrotum
1015 2645 1148 2692 oecur-

142 2735 273 2810 rebat·
289 2742 375 2811 Erat
398 2740 569 2813 sacculus
586 2765 663 2812 non
680 2740 731 2814 ita
748 2764 900 2838 parvus,
919 2738 967 2809 ab
993 2738 1147 2810 dextero

143 2855 305 2944 annulo,
326 2871 368 2928 ut
385 2873 540 2946 vocant,
561 2856 776 2930 abdominis
792 2856 913 2928 ferme
929 2856 974 2928 ad
995 2856 1148 2927 testicu-

141 2971 224 3044 lum
243 2997 362 3072 usque
379 2976 573 3074 pertinens
583 2977 681 3048 inter
694 3000 775 3048 eam
788 2977 954 3047 tunicam
965 2997 1047 3070 quae
1062 2997 1148 3044 cum

143 3091 319 3163 musculo
329 3109 552 3166 cremastere
562 3093 755 3184 adimitur,
770 3108 806 3165 et
818 3090 1075 3165 membranam
1085 3144 1095 3180 ,
1105 3103 1148 3160 ut

144 3207 363 3299 videbatur,
377 3209 548 3300 illaesam,
569 3209 825 3285 obducentem
849 3209 1070 3308 spermatico
1086 3232 1148 3278 va·

146 3347 204 3415 sa,
224 3350 389 3424 quorum
406 3327 557 3400 interno
575 3327 682 3402 lateri
694 3328 865 3402 sacculus
875 3325 1077 3422 adjacebat.
1092 3325 1148 3397 Ad

145 3442 247 3514 idem
270 3445 373 3516 enim
390 3444 487 3518 latus
510 3445 612 3520 unde
629 3447 727 3534 dixi,
747 3469 819 3546 per
839 3443 1023 3517 orificium
1044 3443 1150 3541 digiti

147 3582 263 3658 capax
275 3585 314 3633 se
328 3561 573 3660 peritonaeum
587 3561 823 3666 demittebat,
836 3563 1030 3662 dilatatum
1044 3561 1149 3632 dein·

148 3674 246 3750 dein
257 3679 463 3771 sacculum,
479 3695 516 3754 et
528 3683 687 3756 crassius
701 3679 851 3755 iactum.
863 3681 1014 3754 Omenti
1024 3684 1149 3749 autem

186 4057 232 4138 (ι)
251 4060 376 4121 Adros.
391 4063 407 4120 3
415 4103 425 4137 ,
439 4062 569 4122 onlmad.
583 4063 629 4124 36.
