2958 4672
279 467 326 543 86
449 495 496 541 us
523 489 667 539 sumnus
693 489 737 536 ur
762 469 885 536 clusis
910 482 1121 537 moruorum

276 610 363 680 nius
380 606 454 705 (ι),
472 621 533 694 et,
557 629 604 674 ne
624 599 671 674 de
689 627 768 691 me,
796 615 861 674 aut
878 601 924 674 de
940 602 1041 690 aliis,
1065 627 1162 701 quos
1188 603 1285 677 infra

277 724 459 812 laudab0,
481 721 689 819 quidquam
701 719 762 792 bic
772 720 910 810 dicam,
921 719 1091 792 Valsalva
1106 721 1284 818 demum,

279 844 344 941 qui
353 842 538 938 plurimos
548 837 774 909 inciderunt.
784 838 1026 935 Nequeenim
1038 837 1176 911 horum
1187 845 1285 938 quis·

279 983 391 1057 quam
410 958 571 1028 intanto
591 981 751 1027 numero
767 955 1036 1028 dissectionum
1059 982 1227 1054 unquam
1244 957 1285 1028 in

278 1077 416 1174 pleurae
445 1073 633 1146 laesionem
651 1073 794 1145 'incidit
822 1089 898 1144 tam
926 1097 1098 1172 gravem,
1129 1089 1285 1173 tamque

278 1193 460 1292 amplam,
479 1192 599 1263 itlaesis
614 1191 873 1288 pulmonibus.

328 1310 383 1407 39.
411 1311 512 1399 Quin
531 1310 640 1380 etiam
661 1310 801 1407 pleurae
825 1307 1069 1382 inflammatio
1090 1335 1176 1382 cum
1201 1309 1285 1408 pul·

278 1453 437 1500 monum
446 1425 741 1498 inflammatione
755 1429 956 1523 conjuncta
972 1451 1051 1499 non
1061 1443 1135 1499 tam
1151 1417 1286 1500 crebro

278 1549 318 1618 in
342 1545 586 1618 cadaveribus
614 1545 929 1643 deprehenditur,
959 1571 1071 1643 quam
1098 1547 1169 1617 viri
1193 1547 1287 1618 alio·

280 1665 374 1762 quin
399 1663 605 1735 doctissimi
633 1661 1055 1735 videntur'existimare.
1087 1665 1199 1753 Quod
1223 1687 1288 1736 ve-

278 1805 415 1853 rumne
429 1783 489 1869 sit,
501 1807 548 1852 an
562 1805 685 1865 secus,
698 1796 790 1852 tunc
804 1782 944 1879 optime
955 1779 1188 1878 intelligitur,
1198 1803 1287 1850 oum

279 1923 416 1998 magna
443 1899 554 1972 series
582 1897 890 1970 observationum
921 1911 1120 1996 spectatur.
1147 1898 1183 1967 Si
1205 1921 1288 1996 quae

281 2019 467 2107 Coiterus,
478 2017 643 2105 Servius,
656 2015 826 2090 Vicarius
840 2017 1072 2104 indicarunt,
1085 2011 1183 2087 bene
1202 2039 1288 2113 per·
1375 2049 1378 2052 ·

279 2137 438 2236 pendas,
455 2138 634 2234 plurimas
657 2133 774 2214 habes
795 2159 887 2242 quas
912 2135 960 2206 ad
976 2135 1176 2224 Valsalvae,
1201 2157 1288 2208 nos-

279 2253 629 2352 trasqueadjungas.
644 2251 791 2340 Quibus
803 2251 870 2323 has
883 2277 1037 2349 quoque
1052 2251 1185 2340 addes,
1200 2269 1291 2350 prae-

279 2387 338 2443 ter
352 2372 457 2459 alias,
478 2395 561 2468 quae
582 2371 621 2439 in
642 2367 889 2465 Sepulchreto
908 2369 1096 2466 leguntur.
1116 2369 1287 2468 Zwinge-

281 2488 425 2587 rus(2),
440 2502 475 2560 et
487 2483 727 2580 Dillenius(3)
737 2483 938 2582 pulmones
952 2484 1144 2577 duriores,
1156 2501 1193 2558 et
1204 2512 1291 2586 gan·

281 2631 404 2706 graena
417 2607 493 2700 jam
508 2601 661 2673 affectos
676 2601 869 2689 viderunt,
887 2617 923 2674 et
940 2625 1027 2674 eum
1041 2619 1190 2677 caeteras
1201 2629 1285 2702 par·

279 2737 336 2796 tes
359 2726 403 2794 iis
419 2723 458 2791 in
475 2717 719 2790 cadaveribus
745 2717 841 2790 male
873 2745 911 2792 se
931 2719 1116 2793 habentes
1146 2722 1288 2795 descri-

279 2839 387 2925 bant,
397 2861 521 2932 neque
535 2835 702 2932 pleuram
715 2837 934 2927 nominant,
948 2853 984 2909 et
993 2839 1139 2936 primus
1150 2838 1288 2910 diserte

281 2954 399 3043 addit3
410 2950 543 3023 nullibi
555 2967 677 3023 tamen
691 2953 877 3026 adnutum
890 2955 1000 3028 fuisse
1013 2958 1234 3054 pulmonem
1246 2956 1286 3024 in

281 3093 377 3170 aegro
389 3072 455 3168 qui
469 3093 555 3141 cum
568 3069 692 3143 lateris
706 3072 935 3145 intolerabili
944 3087 1135 3172 pungente
1153 3071 1287 3140 dolore

281 3189 502 3286 sanguinem
517 3175 778 3279 extussiverat;
797 3191 956 3264 alterum
974 3204 1096 3260 autem
1115 3186 1288 3285 pleuritis

281 3306 464 3402 exquisita
485 3307 699 3395 sustulerat,
727 3309 767 3378 in
790 3307 1144 3406 peripneumoniam
1174 3303 1288 3402 dege-

281 3447 428 3495 nerans.
447 3429 645 3497 Lanzonus
664 3451 816 3523 quoque
836 3425 890 3522 (Δ)
907 3427 946 3496 in
965 3437 1117 3496 mortuo
1134 3448 1178 3496 ex
1197 3420 1286 3494 forti

386 3741 455 3798 vid.
473 3739 567 3815 Epist.
585 3758 637 3810 no,
655 3759 686 3795 n.
705 3738 753 3814 57.

388 3841 464 3914 Eph.
479 3842 517 3896 N.
535 3842 566 3896 C.
582 3839 645 3895 dec.
662 3839 694 3911 3,
708 3842 743 3894 A.
761 3837 792 3908 5,
810 3838 875 3895 obs.
890 3838 919 3896 8.

387 3941 459 3994 End.
476 3939 539 3994 dec.
556 3942 592 3994 Α.
612 3957 664 4008 10,
681 3938 745 3994 obs.
763 3944 831 4004 241.

388 4038 466 4094 lbid.
484 4041 521 4093 A.
537 4036 571 4108 5,
587 4037 652 4092 obs.
669 4055 735 4093 122.

1461 2547 1469 2588 l
