2824 4668
146 497 215 543 nia.
244 496 285 542 11.
314 493 362 540 ne
388 491 528 540 nonnis
551 486 750 556 rnonsms,
776 491 888 548 nerse..
909 495 1006 544 xxiv.
1035 475 1106 572 319

91 634 180 680 rum
203 631 355 680 causam
374 629 485 704 spero
504 604 673 676 camdem
692 607 957 704 persequendi.
972 611 1110 684 Guliel-

92 753 181 800 mus
201 741 328 798 autem
345 725 560 812 Ballonius,
582 737 625 794 ut
648 747 802 821 pergam
821 725 947 799 dicere
967 728 1014 802 de
1037 731 1106 808 ob-

95 843 378 918 servationibus
402 828 655 940 polyporum,
681 841 721 910 in
751 845 1020 920 constitutione
1042 873 1107 920 au·

90 961 251 1036 tumnali
264 956 539 1056 anni1575(r),
553 957 757 1056 quemdam
770 979 955 1034 memorat
971 967 1010 1035 in
1025 991 1103 1064 quo

93 1079 221 1153 veluti
235 1076 451 1150 comacula
470 1091 628 1175 repertae
649 1092 760 1166 sunt,
775 1103 906 1178 eaeque
920 1081 1104 1181 oblongoe,

91 1200 134 1268 in
154 1194 309 1270 orificiis
327 1217 544 1268 vasoruma
567 1194 683 1267 corde
706 1194 753 1266 ad
772 1197 972 1295 pulmones
991 1204 1107 1298 pcrti-

94 1316 280 1388 nentium.
297 1315 473 1411 Denique
487 1311 652 1386 Thomas
668 1318 840 1404 Erastus,
859 1317 1106 1414 quemadmo-

92 1433 186 1505 dum
198 1431 317 1504 habes
334 1433 374 1502 in
385 1430 637 1530 Sepulchreto
655 1429 790 1530 (2),‡in
803 1432 901 1505 libro
919 1434 1021 1507 edito
1038 1461 1106 1508 an-

94 1575 146 1622 no
182 1548 292 1636 1580,
323 1550 608 1621 concretionem
635 1549 832 1648 descripsit
842 1551 1106 1646 flavescentem

95 1677 216 1740 instar
226 1666 418 1754 nacdullce,
440 1689 528 1764 quie
542 1672 581 1735 in
598 1667 740 1735 ossibus
756 1669 868 1737 boum
886 1675 997 1738 coctis
1008 1675 1106 1740 inve-

96 1793 198 1858 nitur
204 1837 216 1874 ,
228 1783 506 1883 deprehensam
516 1784 556 1852 in
566 1781 731 1853 duorum
741 1781 932 1870 cordibus,
940 1809 1105 1882 quorum

99 1906 206 1978 alteri
232 1927 319 1979 cum
343 1900 447 1974 febre
469 1916 507 1972 et
525 1899 744 2002 pleuritide,
761 1901 870 1974 alteri
895 1903 975 1973 sine
1001 1899 1106 1974 febre

97 2023 230 2121 pulsus
247 2021 408 2092 maxime
426 2016 548 2090 luerat
567 2018 771 2116 inaequalis.
790 2022 877 2092 Non
891 2035 946 2091 est
956 2044 1052 2119 opus
1064 2037 1108 2092 ut

96 2140 266 2238 singulos
278 2125 488 2209 memorem
497 2138 563 2234 qui
574 2136 754 2236 deinceps
763 2135 831 2208 has
845 2139 1107 2214 concretiones

97 2260 136 2329 io
155 2255 288 2345 corde,
305 2271 343 2328 et
361 2255 516 2328 annexis
535 2257 632 2327 vasis
654 2257 905 2354 reperientes,
928 2257 990 2328 alii
1017 2281 1104 2329 cum

96 2373 263 2451 medulla
281 2374 445 2471 pariter,
471 2352 536 2444 alii
553 2395 641 2444 cum
663 2373 913 2474 pinguedine,
934 2375 996 2446 alii
1018 2400 1106 2448 cum

93 2497 182 2594 ipsa
201 2515 315 2566 carne
332 2507 612 2590 compararunt.
635 2494 770 2589 Neque
783 2493 885 2564 enim
899 2493 959 2566 vel
976 2519 1022 2566 ex
1044 2521 1125 2590 sus

101 2609 315 2712 petionibus
356 2633 489 2682 omnes
527 2633 625 2707 quos
661 2624 855 2706 poteram,
888 2613 1103 2684 nominavi:

95 2729 267 2828 quamvis
284 2729 446 2799 Sinetius
460 2725 515 2825 (3)
534 2751 637 2798 anno
652 2726 739 2824 1576
759 2729 799 2797 in
814 2730 987 2833 principe
1001 2731 1105 2818 viro,
1128 2797 1129 2802 ,

96 2848 207 2944 cujus
230 2843 362 2943 pulsus
381 2843 531 2918 fixerant
552 2845 774 2943 inaequales,
800 2847 1024 2932 inordinati,
1046 2850 1104 2918 in-

98 2965 369 3051 termittentes,
390 2979 525 3062 prater
546 2965 809 3035 concretiones
830 2966 870 3034 in
887 2965 1106 3036 ventriculis

101 3079 228 3156 cordis
247 3105 388 3178 earum
414 3081 553 3153 similes
581 3105 675 3179 quas
709 3081 907 3178 descripsit
938 3086 1107 3169 Erastus‚

99 3204 199 3300 ipses
217 3204 375 3299 insuper
389 3199 660 3301 appendicibus
679 3198 1024 3297 aliquotproeditas
1040 3199 1105 3270 ad-

96 3319 305 3392 notaverit:
328 3343 423 3416 quas
443 3333 544 3392 certe
563 3317 800 3415 longissimas
820 3318 1016 3415 conspexit
1033 3321 1104 3391 Ne-

95 3438 214 3508 retius
231 3435 286 3532 (Δ)
296 3437 336 3506 in
351 3436 688 3534 peripneumonica
698 3487 707 3522 ,
719 3435 861 3532 quippe
873 3461 955 3531 quae
969 3461 1013 3506 ex
1024 3436 1106 3507 dcx-

155 3754 183 3832 1)
203 3755 290 3831 Epid.
306 3757 327 3810 l.
343 3769 372 3810 α.
561 3817 563 3824 ,

154 3854 185 3930 a)
206 3855 284 3912 Sect.
295 3855 398 3929 hac9,
414 3854 465 3910 oh.
480 3854 509 3910 3.

154 3956 183 4032 3)
205 3951 392 4030 Sepulchret.
407 3956 428 4010 l.
445 3954 479 4024 3,
491 3973 515 4010 s.
530 3972 583 4024 21,
602 3955 666 4010 obs.
683 3957 715 4025 3,
731 3959 747 4025 5
762 3963 807 4022 aa.

156 4055 184 4131 4)
206 4055 296 4130 Apud
307 4051 452 4113 Schenck.
469 4054 662 4111 obs.1ned.l.
678 4054 779 4110 stibi
789 4054 826 4110 de
838 4049 920 4106 cord.
935 4067 1062 4107 excresc.

17 3842 22 3852 ¹
138 3756 151 3833 (

140 3853 152 3929 (

139 3955 151 4030 l

139 4053 152 4130 l
