2800 4674
267 475 375 530 'raa
468 481 513 525 nn
540 476 685 524 srnmns
710 477 754 522 nr
779 475 901 523 causis
926 475 1135 528 ttonnonnnr
1227 469 1233 476 '

305 619 365 666 mc
394 592 441 664 de
463 593 627 689 pectoris
655 591 840 688 angustia,
868 604 905 660 et
928 590 1071 689 ingenti
1100 593 1311 691 praesertim

303 711 474 812 pondere
487 707 718 806 querebatur
726 708 1001 806 propemodum
1015 711 1109 798 acsi,
1119 725 1161 782 ut
1171 712 1309 803 aiebat,

304 831 443 902 molam
465 826 512 897 ad
531 841 662 924 pectus
681 826 839 898 haberet
859 825 1152 900 frumentariam.
1174 831 1309 904 Pulsus

304 948 499 1045 explorare
510 969 596 1018 cum
609 947 762 1033 vellem,
778 944 913 1036 frustra
930 969 1083 1044 carpum
1099 961 1309 1045 utrumque

304 1066 410 1161 tetigi
425 1090 433 1152 3
455 1065 494 1132 in
520 1078 653 1133 neutro
670 1063 813 1160 percipi
830 1079 992 1162 poterat,
1010 1063 1185 1144 homine,
1203 1065 1309 1164 quod
1385 1109 1386 1118 κ

305 1182 352 1253 ad
378 1195 490 1278 capnt
514 1181 667 1267 attinet,
693 1182 840 1280 egregie
867 1181 1030 1269 valente,
1058 1195 1096 1253 et
1121 1199 1309 1280 quantum

305 1298 561 1396 respirationis
570 1295 770 1370 difficultas
782 1299 939 1387 sinebat,
951 1301 1039 1370 satis
1046 1313 1309 1398 prompteom·

223 1490 225 1500 Ι
304 1416 366 1486 nia
387 1441 467 1512 quae
483 1415 578 1502 diri,
597 1431 792 1503 narrante,
807 1431 843 1488 et
860 1415 935 1487 hoc
951 1418 1107 1515 insuper
1123 1417 1308 1504 addente,

305 1515 461 1604 senune
479 1533 611 1628 quavis
623 1547 735 1602 nocte
753 1530 856 1604 febre
874 1535 1034 1632 corripi,
1051 1557 1071 1604 a
1091 1556 1167 1631 qua
1182 1549 1309 1605 tamen

305 1671 443 1746 corpus
477 1649 720 1722 incalesceret
746 1649 925 1726 duntaxat
949 1677 970 1722 a
996 1651 1121 1722 medio
1145 1673 1305 1723 sursum.

305 1772 399 1838 Cum
417 1771 511 1840 scire
524 1793 692 1856 averem,
708 1784 759 1840 an
778 1783 869 1840 tunc
890 1769 1019 1841 saltem
1031 1769 1163 1866 pulsus
1176 1793 1215 1841 se
1226 1789 1309 1866 pro

304 1885 456 1974 dorent,
473 1887 538 1983 qui
556 1886 722 1958 interdiu
741 1883 933 1974 latebant;=
945 1883 1124 1958 omnibus
1141 1889 1181 1956 in
1203 1888 1309 1984 pejus

304 2003 502 2076 ruentibus
521 2005 593 2093 sic,
616 2021 660 2076 ut
678 2004 859 2103 postridie
879 2005 1072 2094 interiret,
1098 2027 1225 2100 neque
1252 2003 1311 2089 id,

303 2145 430 2218 neque
447 2121 518 2191 alia
531 2122 749 2218 inquirendi
762 2121 917 2194 facultas
928 2120 1014 2210 fuit,
1030 2122 1102 2193 nisi
1115 2144 1183 2220 per
1201 2119 1309 2191 cada

302 2243 399 2310 veris
418 2238 682 2310 dissectionem
700 2267 709 2328 ;
728 2241 836 2336 cujus
857 2266 903 2312 ex
921 2263 987 2311 ore
1006 2239 1213 2337 plurimum
1228 2261 1309 2311 sau-

304 2356 430 2452 guinis
446 2354 648 2452 prodierat.

354 2477 398 2542 In
412 2471 567 2543 thorace
585 2487 622 2543 et
633 2487 764 2544 ventre
779 2493 877 2571 aqua
890 2490 1082 2564 erat3'non
1099 2497 1238 2570 magna
1256 2489 1308 2544 ta-

304 2613 392 2661 men
409 2591 528 2690 copia.
551 2590 623 2661 Sed
637 2592 677 2660 in
694 2591 759 2662 illo
775 2615 841 2662 cor
861 2617 906 2664 ex
919 2591 1127 2690 majoribus
1145 2607 1228 2688 quae
1245 2615 1311 2662 un·

305 2732 419 2804 quam
433 2707 610 2798 viderim,
625 2709 757 2806 idque,
778 2725 820 2781 ut
833 2711 999 2782 auricula
1015 2733 1171 2808 quoque
1183 2708 1310 2781 dexte-

303 2850 364 2913 ra,
391 2849 473 2922 quae
494 2826 602 2897 valde
629 2842 708 2898 erat
732 2827 901 2917 dilatata,
927 2843 964 2898 et
986 2851 1073 2899 vasa
1094 2827 1308 2912 coronaria,

304 2967 387 3039 quae
407 2943 531 3041 ampla
548 2944 759 3035 exstabant,
780 2945 970 3044 sanguinis
988 2945 1145 3043 plenum
1160 2944 1252 3032 atri,
1275 2955 1310 3013 et

231 3139 235 3148 .
304 3059 419 3132 ferme
432 3060 554 3150 fluidi,
569 3064 647 3133 sine
660 3064 737 3134 ulla
747 3065 929 3162 polyposa
942 3063 1198 3135 concretione.
1212 3065 1311 3156 Mag·

305 3180 346 3246 ni
367 3194 491 3250 antem
510 3179 625 3274 hujus
644 3180 769 3252 cordis
790 3179 893 3251 fibrae
914 3181 1107 3252 laxissimae
1124 3193 1251 3266 erant3
1270 3189 1309 3246 nt

303 3290 364 3364 ve'l
380 3295 467 3392 ipsae
476 3349 488 3384 ,1
503 3321 586 3392 quae
608 3299 647 3367 in
667 3299 886 3370 ventriculis
906 3299 1139 3397 prominent,
1166 3295 1310 3367 colum-

304 3437 360 3482 nae
372 3409 546 3484 facillime
558 3431 808 3511 sequerentur
817 3415 1000 3488 trahentis
1008 3415 1154 3513 digitos.
1170 3417 1214 3483 In
1225 3435 1310 3484 ven·

304 3544 361 3602 tre
377 3555 419 3600 ea
439 3555 525 3628 pars
544 3534 811 3606 intestinorum
823 3537 1014 3622 tenuium,
1032 3559 1114 3631 quae
1129 3529 1308 3602 umbilico

303 3649 577 3744 respondebat,
598 3653 706 3748 quasi
725 3642 953 3726 inflammata
969 3650 1168 3723 videbatur
1177 3647 1225 3718 ad
1237 3643 1312 3744 pal-

186 3753 189 3766 ’
222 3794 225 3799 ·
303 3767 356 3834 'mi
368 3769 627 3839 tractum.Sed
638 3769 730 3858 lien,
747 3767 1022 3868 diaphragmati
1032 3765 1237 3838 arctissime
1251 3785 1310 3833 an·
1387 3805 1388 3814 κ

304 3907 442 3974 nexus,
456 3909 586 3962 revera
601 3885 727 3956 colore
745 3884 815 3958 fuit
827 3901 961 3984 praeter
975 3899 1158 3958 naturam.
1171 3883 1230 3952 Sic
1245 3877 1310 3949 he-

303 4023 372 4098 par
391 4027 556 4099 quoque.
573 4007 677 4076 Dura
690 4019 869 4103 praeterea
883 4004 962 4076 haec
974 4003 1052 4077 duo
1064 4003 1207 4075 viscera
1219 4023 1235 4087 ;,
1247 3991 1310 4068 sed
1387 3981 1388 4064 l
