2808 4664
129 453 197 500 tm.
222 453 262 498 11.
291 451 337 498 DE
363 449 498 498 Molitus
523 447 721 514 montom,
747 451 858 499 EPIST.
879 453 983 500 xxm.
1013 455 1081 504 200

78 566 232 662 apertis,
252 563 377 662 aliqua
390 533 593 661 utrobique
602 564 756 635 inventa
770 579 825 636 est
841 589 946 663 aquae
956 568 1063 664 copia
1073 595 1095 658 ;,

78 706 145 754 nec
173 698 299 754 tamen
323 681 492 780 hydrops
523 680 732 778 pericerdii
763 683 914 752 Arteriae
941 709 1083 781 magnae

79 801 230 872 valvulae
249 814 356 872 erant
371 799 567 886 induratae;
586 799 664 868 imo
686 823 762 868 una
779 822 893 870 ossea.
914 804 998 897 Ipse
1018 827 1083 873 au-

77 932 149 990 tem
167 918 311 989 arteriae
331 931 491 988 truncus
507 917 685 987 interiore
699 913 791 986 facie
804 917 939 1014 passim
955 933 1082 990 osten-

76 1033 187 1106 debat
206 1032 349 1131 aliquid
369 1047 432 1103 aut
452 1034 566 1120 ossei,
593 1047 657 1102 aut
679 1031 727 1102 ad
747 1055 890 1103 osseam
909 1047 1082 1105 naturam

75 1155 281 1250 vergentis,
297 1165 400 1223 utne
414 1175 456 1222 ea
470 1148 624 1247 quidem
641 1173 745 1246 pars,
762 1174 844 1246 quae
854 1149 901 1220 ad
911 1165 1081 1222 ventrem

75 1267 303 1365 pertinebat,
323 1293 345 1340 a
372 1291 432 1338 me
456 1281 542 1365 post
565 1265 807 1338 muliebrium
827 1269 1081 1340 ostensionem

76 1385 252 1474 dissecta,
272 1388 379 1458 aliter
397 1409 435 1458 se
449 1383 614 1456 haberet.
635 1387 768 1481 Neque
784 1387 884 1456 enim
900 1385 1019 1457 solum
1033 1385 1081 1458 ad

74 1503 168 1577 latus
184 1503 320 1576 'orificii
337 1489 588 1576 mesentericae
604 1499 809 1592 inferioris,
832 1519 868 1575 et
883 1502 992 1592 alibi,
1013 1502 1079 1576 sed

74 1622 131 1692 vel
142 1622 190 1694 ad
204 1625 322 1720 ipsam
333 1623 373 1692 in
382 1622 507 1692 iliacas
519 1619 742 1690 divisionem
755 1672 764 1706 ,
776 1620 904 1689 inveni
917 1643 1079 1692 osseam:

74 1741 212 1835 passim
240 1755 366 1812 autem
391 1738 631 1834 inaequalem,
658 1750 695 1806 et
718 1735 844 1806 colore
859 1734 921 1804 hic
937 1735 1014 1806 illic
1030 1738 1081 1808 ita

74 1856 220 1948 albido‚
235 1873 278 1928 ut
293 1856 408 1943 solet,
425 1854 492 1926 ubi
510 1877 614 1924 ossea
629 1850 712 1926 fieri
729 1851 871 1948 incipit.

121 2001 156 2072 9.
185 1972 409 2072 Negandum
438 1966 607 2068 profecto
624 1981 800 2056 nonest,
828 1981 991 2055 sortem,
1016 1992 1082 2038 cu·

69 2090 242 2187 jusmodi
258 2089 542 2186 descripsimus,
561 2086 735 2182 sanguini
753 2109 772 2154 a
789 2084 903 2156 corde
916 2084 1080 2181 impulso

72 2209 263 2292 resistere,
292 2229 414 2304 eoque
436 2219 473 2275 et
491 2203 796 2302 palpitationem,
821 2217 858 2274 et
879 2198 1080 2272 difficulta-

72 2339 153 2396 tem
171 2324 359 2423 spirandi,
381 2337 417 2394 et
434 2315 611 2420 augustine
631 2343 781 2392 sensum
804 2319 910 2390 illum
931 2317 1080 2391 efficere

73 2465 207 2540 posse,
223 2422 362 2539 quibus
381 2440 516 2512 mulier
534 2438 751 2537 angebatur.
773 2437 845 2508 Sed
859 2437 954 2508 illud
969 2435 1080 2509 simul

74 2558 344 2644 declarandum
367 2555 444 2640 est,
470 2580 587 2655 quare
612 2555 659 2627 de
688 2556 732 2626 iis
755 2569 812 2626 tot
834 2553 1078 2644 horninibus,

74 2675 264 2774 inquibus
279 2675 465 2774 ejusmodi
481 2673 595 2746 fuisse
607 2687 752 2744 eortam
762 2672 809 2744 ad
820 2689 855 2744 te
865 2673 954 2744 alias
967 2675 1079 2770 scrip·

75 2793 123 2880 si,
141 2807 178 2864 et
195 2795 405 2892 scripturus
421 2816 523 2880 sum,
544 2792 672 2888 plures
688 2804 788 2862 certe
804 2790 849 2861 iis
863 2786 1078 2877 affectibuS‚

76 2925 139 2981 aut
157 2924 235 2981 tam
250 2908 513 2996 vehementer,
532 2932 611 2978 non
628 2906 890 2978 laboraverint.
910 2905 1022 2994 Quod
1036 2917 1080 2974 ut

76 3023 156 3114 fiat,
181 3028 252 3098 alia
275 3026 410 3125 procul
434 3023 550 3096 dubio
575 3023 747 3096 addenda
771 3020 922 3094 suntad
947 3022 1079 3100 vitium

78 3161 209 3234 aortae,
239 3169 321 3242 quae
342 3145 382 3214 in
401 3142 560 3214 muliere
582 3141 653 3212 hac
672 3138 835 3227 fuerint,
852 3139 891 3207 in
910 3137 982 3208 illis
1001 3163 1080 3210 non

79 3259 233 3348 fuerint,
245 3276 387 3359 utputa
395 3261 528 3332 vitium
540 3259 743 3356 praesertim
756 3257 796 3325 in
806 3255 955 3353 organis
966 3255 1079 3346 aliud,

80 3393 140 3450 aut
154 3379 223 3450 alia
238 3379 429 3477 sanguinis
446 3377 677 3462 constitutio,
691 3374 761 3444 alia
774 3374 894 3470 copia,
911 3387 947 3444 et
960 3374 990 3444 si
1006 3397 1081 3469 qua

80 3511 254 3592 preterea
271 3494 489 3590 sunt‘hujus
503 3494 666 3591 generis;
685 3515 733 3561 ne
754 3514 902 3588 semper
916 3491 1082 3586 exquisi-

79 3614 213 3686 tiorem
230 3637 436 3684 nervorum
451 3634 601 3682 sensum
617 3624 654 3682 et
668 3607 932 3686 convulsiones
949 3608 988 3675 in
1003 3630 1080 3678 me·

83 3727 184 3800 dium
197 3727 366 3829 proferre
375 3726 579 3798 videamur.
595 3729 654 3798 Sic
663 3728 703 3797 in
712 3724 915 3798 Verdriesii
929 3722 1017 3793 alias
1027 3720 1080 3816 (1)
1157 3769 1174 3798 .

86 3878 1083 3918 ..........,.................,.........-...-,------

122 3968 166 4045 (r)
185 3970 279 4046 Epist.
296 3967 346 4038 18,
362 3984 390 4024 n.
403 3973 431 4034 4.
