2820 4668
142 459 211 506 me.
238 458 279 504 11.
307 457 354 505 ns
380 454 737 520 ιιοιιιιειιιοιιοιε,
754 454 866 502 emer.
887 457 1000 505 xxv11.
1030 434 1101 532 529

93 576 302 650 servatione
323 571 428 654 ¹vides
450 572 494 642 cl.
513 569 733 666 Trewii(1),
751 595 838 642 cum
862 589 997 670 praeter
1011 577 1100 672 rigi-

93 693 160 766 das
175 673 211 774 et
230 693 388 764 omnino
415 690 529 774 duras
553 688 742 775 valvulas,
774 705 886 762 aortae
915 691 1103 764 orificium
1175 745 1183 756 .

95 826 241 882 tantum
257 834 334 882 non
345 815 498 907 penitus
527 805 761 878 occludentes
771 861 782 893 ,
793 849 799 890 4
810 808 980 902 ejusdem
1009 825 1104 884 arte-

93 929 157 998 riae
182 942 283 1000 totus
299 926 463 999 ambitus
472 947 601 1023 prope
612 928 847 1022 principium
865 951 973 998 sunm
989 927 1106 1000 durus

94 1060 192 1118 esset
209 1061 326 1142 atque
340 1041 573 1140 z'nflexibc'li53
591 1041 755 1114 alterum.
771 1058 895 1114 autem
913 1045 953 1124 in
975 1044 1106 1119 ohser-

92 1165 245 1236 vatione
262 1163 308 1234 cl.
326 1161 498 1232 Krameri
518 1159 588 1258 (ι),
608 1160 675 1258 qui
688 1159 925 1236 subitaneam
942 1179 1105 1236 mortem

92 1280 239 1355 asthma
265 1281 492 1377 praecessisse
522 1302 568 1348 ex
597 1275 833 1374 valvularum
853 1281 1106 1376 ossificaticne

92 1397 367 1500 animadvertit.
386 1401 501 1468 Recte
518 1395 634 1493 igitur
655 1397 695 1466 in
718 1420 799 1486 suo¹
813 1421 901 1470 casu
919 1397 1108 1470 dubitavit

91 1520 285 1614 Raygerus
297 1561 311 1616 ‚y
331 1539 379 1586 an
399 1537 513 1586 osseae
538 1513 608 1582 illae
629 1513 786 1584 valvulae
802 1529 881 1586 tam
898 1523 1107 1612 repentinae
1165 1603 1167 1608 Ι

92 1640 222 1707 mortis
237 1632 535 1721 cansoefnerint,
554 1653 638 1703 cum
655 1629 936 1703 circulationem
955 1640 1107 1728 sangui·

93 1757 151 1822 nis
170 1748 420 1848 impedivisset,
437 1745 511 1845 ipsi
520 1743 696 1818 credibile
710 1769 790 1816 non
802 1745 996 1824 videretur
1008 1801 1018 1837 ‚
1032 1774 1112 1822 nee

94 1867 192 1940 mihi
205 1865 379 1936 videatur
396 1865 568 1953 nullum,
588 1865 650 1936 cui
667 1863 903 1937 homoantea
921 1865 1110 1940 obnoxius

97 1999 212 2072 esset,
232 1980 411 2054 morbum
432 1982 583 2080 legenti.
603 1981 717 2071 Quod
736 1983 767 2053 si
789 1990 827 2051 in
853 1997 934 2052 toto
951 2007 1110 2082 corpore

97 2101 195 2174 nihil
204 2116 382 2200 preterea
394 2099 609 2172 morbosum
621 2115 816 2197 repertum
827 2114 894 2188 est,
904 2103 1008 2197 quod
1022 2127 1110 2176 cum

97 2221 189 2318 ipsis
218 2218 384 2288 valvulis·
408 2217 655 2312 conjunctum
679 2217 909 2316 praecludere
936 2221 1110 2318 sanguini

98 2337 241 2408 exitum
261 2350 326 2404 aut
342 2333 450 2404 aliter
475 2333 624 2406 obstare
650 2335 732 2430 ejus
754 2337 875 2408 motui
898 2351 1042 2434 posset3
1059 2363 1108 2410 ne

98 2451 219 2524 dicam
237 2476 315 2524 non
340 2451 427 2524 satis
446 2446 660 2553 quesitum,
681 2453 721 2522 in
748 2454 873 2526 nervis
895 2451 935 2524 id
950 2455 1113 2534 tatuisse,

97 2568 277 2646 libentius
298 2569 444 2657 dixero,
461 2568 521 2639 vel
540 2571 667 2666 potius
685 2570 724 2643 in
740 2585 815 2641 tem
827 2573 1016 2648 concitato
1030 2598 1113 2646 sen·

98 2687 222 2784 guinis
241 2700 449 2778 motuesse
471 2685 775 2785 agnoscendum,
794 2689 857 2760 cui
873 2706 911 2762 et
931 2691 1048 2788 copiae
1066 2693 1116 2770 siz

96 2803 178 2874 mul
204 2803 414 2902 impensius
432 2819 549 2876 auctae
566 2804 799 2902 respondere
810 2831 896 2886 ,non
914 2809 1111 2904 potuerint

95 2919 251 2992 valvulae
270 2922 322 2992 sic
347 2917 508 3014 affectae3
535 2923 565 3006 si
584 2919 663 2992 haec
683 2921 859 3016 quidem,
884 2936 925 2992 ut
942 2945 1013 3018 ego
1030 2947 1109 2996 sus·

96 3040 229 3138 picot,
249 3052 286 3110 et
300 3053 342 3140 tu
357 3035 559 3108 conferens
576 3038 786 3134 intelligere
803 3039 939 3112 melius
952 3042 1109 3136 poteris,

100 3155 232 3236 eadem
252 3153 408 3240 historia
425 3170 480 3228 est
495 3179 539 3229 ac
560 3179 643 3252 quae
658 3180 703 3226 ex
715 3157 898 3250 Geyantio
914 3158 1116 3234 ParisiensiZ

100 3271 281 3370 chirsmgo
306 3297 327 3347 a
348 3274 415 3346 cel.
436 3272 599 3370 ,Senach
626 3270 681 3366 (3)
709 3289 951 3350 memoratur.
977 3277 1110 3372 Neque

101 3390 334 3485 enimhomo
358 3392 497 3464 bonum
517 3389 697 3463 duntaxat
709 3389 965 3486 jentaculum,
991 3393 1111 3468 sedet

100 3509 180 3580 vini
189 3509 393 3578 immanem
410 3507 486 3580 vim
496 3522 707 3604 sumpserat
719 3510 940 3608 priusquam
951 3525 1111 3606 repente

145 3810 190 3888 (1)
210 3813 281 3867 Not.
299 3829 312 3864 1
325 3821 404 3885 post.
415 3808 530 3884 praesnt.

145 3911 190 3990 (ι)
210 3910 307 3966 Hebd.
320 3929 354 3984 9,
367 3928 398 3964 ιι.
413 3927 441 3964 ι.

147 4010 191 4089 (3)
213 4010 268 4066 Ch.
283 4028 318 4084 9,
330 4028 361 4068 n.
376 4007 408 4082 5,
424 4009 476 4066 cit.
486 4025 576 4084 supra
590 4007 629 4065 ad
640 4026 670 4064 ιι.
687 4007 732 4067 ι8.

182 4108 215 4183 3.
896 4107 944 4198 34
