2800 4674
275 439 322 512 88
432 459 481 506 or
508 455 657 506 seorsus
682 456 727 504 rr
751 453 877 504 causis
903 451 1114 504 uoaaoauu

274 597 404 650 earum
420 569 596 658 tradidit,
614 569 801 667 inple-ura
819 571 1057 666 signafutssc
1075 569 1290 666 inflamma:

274 695 405 777 tiom's,
420 690 461 758 iu
476 685 656 760 omnibus
676 702 802 758 autem
820 687 1022 784 pulmones
1038 687 1207 784 scripsit,
1222 703 1287 758 aut

272 831 413 905 magno
434 801 545 876 fuisse
570 802 746 876 abscessu
769 804 937 892 vitiatos,
967 819 1033 876 aut
1056 828 1078 874 a
1103 805 1286 903 sanguine

273 927 341 1024 qui
353 926 452 994 intra
463 945 596 995 eorum
611 921 812 1008 vesiculas,
823 921 1021 994 cellulasve
1031 919 1288 994 distillaverat,

278 1056 343 1114 aut
365 1039 412 1110 ab
443 1036 531 1110 albo
560 1037 719 1111 humore
750 1029 849 1110 intra
877 1063 1011 1113 eorum
1039 1037 1287 1110 substantiam

276 1171 410 1232 coacto
423 1179 572 1254 graveS,
582 1170 619 1228 et
632 1156 671 1226 in
681 1167 787 1253 parte
803 1157 920 1228 duros
936 1170 974 1228 et
986 1155 1138 1244 solidos,
1151 1180 1288 1252 quem·
1379 1226 1380 1246 ,

275 1273 482 1347 admodum
507 1274 547 1344 in
583 1297 716 1348 eorum
745 1270 1122 1362 inflammationibus,
1155 1273 1290 1372 soepius
1380 1310 1381 1324 π

277 1389 465 1479 accidere,
486 1415 599 1488 supra
626 1389 681 1487 (1)
702 1388 851 1462 anobis
874 1373 1086 1488 expositum
1108 1404 1174 1461 est.
1205 1395 1290 1460 Haec

279 1533 367 1581 cum
397 1509 448 1580 ita
475 1533 514 1580 se
537 1507 722 1598 habeant,
749 1507 924 1607 praeclare
955 1508 1131 1605 intelligis
1150 1506 1291 1604 pleurae

277 1625 614 1700 inflammationem
645 1650 733 1696 cum
768 1626 960 1724 pulmonis
993 1623 1291 1698 inflammatione
1384 1642 1385 1664 ¹

279 1745 521 1840 conjunctam
539 1743 664 1815 minus
673 1741 810 1816 crebro
823 1741 1201 1842 deprehendi,quam
1215 1765 1296 1838 rne-
1385 1726 1387 1820 Ῐ

283 1860 392 1934 dicus
411 1876 541 1934 nostra
565 1875 670 1932 aetate
688 1860 944 1933 nobilissimus
969 1859 1122 1934 credere
1138 1859 1294 1932 videba-

281 1994 364 2067 tur,
391 2003 478 2051 cum
498 1983 871 2078 peripneumoniam,
898 1977 1065 2075 scripsit,
1085 2001 1134 2048 ex
1153 2001 1193 2048 se
1210 1982 1294 2076 z'psa

282 2121 372 2167 raro
403 2102 512 2184 oriri,
543 2121 674 2168 verum
696 2100 929 2194 supervenire
943 2094 1141 2192 pleuritidr'
1161 2109 1199 2166 et
1213 2119 1294 2193 pa·
1389 2081 1391 2170 i

280 2212 538 2310 raphrenitidi.
566 2216 656 2302 Quae
672 2211 787 2284 verba
804 2213 851 2284 ad
871 2214 1093 2284 memoriam
1112 2227 1294 2285 revocant

280 2329 522 2426 Hippocratis
536 2329 685 2418 locum,
705 2331 756 2401 sic
771 2355 792 2402 a
806 2334 950 2402 Dureto
964 2329 1017 2429 (a)
1033 2330 1148 2404 latine
1165 2329 1295 2402 reddi·

281 2439 375 2518 tum.
400 2449 716 2541 Peripneumom'a
726 2446 944 2544 pleuritidis
963 2446 1212 2534 succedanea,
1236 2461 1294 2518 tu-

268 2547 361 2631 xtior
375 2577 430 2632 est
435 2567 666 2660 primigenia
677 2590 687 2632 .·
700 2564 767 2661 qui
783 2564 889 2638 locus
906 2567 1156 2664 interpretum
1174 2579 1211 2636 et
1224 2587 1295 2634 me-

285 2675 459 2750 dicorum
477 2680 628 2780 ingenia
642 2682 763 2771 torsit,
779 2705 867 2754 cum
885 2682 935 2754 ob
951 2682 1039 2758 alias
1055 2705 1184 2754 causas
1194 2679 1295 2778 apud

288 2796 442 2867 Caelium
461 2798 707 2870 Aurelianum
727 2797 803 2896 (3),
831 2815 868 2874 et
890 2799 1100 2872 Ballonium
1119 2797 1173 2898 (4)
1193 2821 1295 2870 com·

285 2929 528 3004 memoratas,
541 2930 622 2988 tum
634 2917 839 3014 praesertim
853 2918 941 3014 quia
951 2919 991 2988 iu
1004 2915 1230 3014 aphorismis
1240 2912 1295 3012 (5)

285 3032 553 3129 scriptumest:
568 3039 607 3106 A
609 3032 816 3132 pleuritide
822 3038 1134 3134 peripnemnonia
1142 3030 1293 3104 anulum.

283 3153 329 3221 Et
347 3151 554 3223 Martianus
578 3150 733 3249 quidem
754 3149 826 3247 (6),
851 3166 965 3250 atque
991 3154 1197 3224 Sennertus
1221 3147 1295 3245 (7),

392 3535 514 3592 Coacar.
526 3539 687 3610 praenotsl.
704 3557 734 3610 a,
748 3558 774 3596 c.
790 3538 843 3612 16,
858 3557 888 3596 n.
903 3538 950 3595 aa.

393 3635 482 3692 Acut.
499 3637 596 3694 morb.
614 3639 635 3693 l.
652 3655 684 3708 a,
703 3657 729 3695 c.
748 3637 796 3696 25.
