2820 4668
352 427 424 503 556
519 453 565 503 nr
592 449 739 501 sanmns
764 451 809 497 rr
834 447 959 498 cinsrs
984 447 1190 498 nonnonnn

350 591 525 666 magnam
543 563 696 664 parietis
711 563 857 664 proprii
869 563 1111 652 tenuitatem,
1130 557 1314 632 lacertosin·

349 699 410 756 tus
426 683 583 756 haberet
604 683 656 756 sic
672 683 889 764 intricatoS‚
910 682 973 751 vix
988 695 1030 752 ut
1050 683 1153 752 sinus
1170 675 1313 750 essevide

350 817 464 874 retur.
496 803 639 873 Arteria
667 824 801 898 magna
829 815 866 872 et
892 798 1128 898 pulrnonaris
1158 794 1313 893 ampliores

349 935 457 992 erant
474 919 668 1018 aliquanto
685 943 799 1016 quam
820 916 975 990 soleant.
999 919 1181 987 Caeterum
1203 912 1265 982 hac
1279 936 1313 986 sa·

348 1061 418 1107 na:
437 1037 500 1112 illa
522 1062 613 1109 vero
640 1037 805 1134 primum
835 1050 947 1133 rupta
978 1033 1177 1106 intervallo
1197 1057 1214 1102 a
1234 1028 1311 1101 corde

348 1152 454 1252 digiti
479 1155 628 1226 circiter
650 1154 863 1225 transversi.
883 1157 929 1223 Et
946 1153 1075 1250 ruptio
1098 1149 1243 1249 quidem
1260 1172 1311 1218 non

347 1286 426 1344 erat
453 1295 610 1368 magnam
630 1269 694 1342 sed
723 1295 843 1370 prope
872 1271 991 1368 ipsam
1017 1283 1054 1340 et
1079 1269 1180 1340 circa
1202 1288 1311 1336 omnen

346 1402 457 1458 nortae
482 1387 601 1460 basim
630 1403 738 1460 vetus
766 1389 873 1486 quasi
904 1382 1311 1486 sugillatioapparebata
1366 1363 1367 1372 ἵ

345 1506 456 1604 nigro
479 1508 661 1604 sanguine
685 1505 756 1578 sub
781 1501 965 1578 exteriore
988 1504 1118 1576 tunica
1145 1503 1312 1586 restituam

345 1649 429 1722 quae
454 1624 641 1721 sugillatio
659 1649 727 1722 per
742 1626 960 1696 universum
986 1621 1207 1721 pulmonem
1228 1645 1259 1692 se
1274 1643 1312 1688 er·

344 1740 545 1828 tendebat,
572 1743 777 1840 praesertim
799 1766 890 1814 vero
912 1742 1055 1812 circum
1082 1741 1239 1836 majores
1258 1734 1312 1833 pul·

344 1861 512 1932 moneris
536 1863 680 1934 arteriae
700 1885 838 1932 ramos.
860 1866 1039 1932 Praeterea
1061 1855 1178 1930 facies
1196 1855 1313 1926 interior
1367 1937 1368 1946 ἵ

343 1980 486 2050 arteriae
503 2003 644 2076 magnae
665 1994 743 2050 tota
763 1994 842 2050 erat
859 1977 1126 2077 prominentiis
1139 1991 1176 2050 et
1193 1971 1311 2074 pustulis

341 2095 657 2195 plena,'quarum
683 2112 853 2194 utraeque
878 2121 946 2194 per
963 2097 1045 2192 ejus
1063 2117 1218 2180 omnes,
1236 2101 1311 2188 quot·

343 2230 438 2313 quot
454 2217 574 2312 aperti
598 2229 704 2302 sunt,
724 2239 849 2287 ramos
872 2214 1102 2313 pergebant,
1124 2229 1162 2286 et
1178 2210 1310 2284 nomina-

339 2334 408 2405 tim
427 2359 494 2430 per
518 2333 725 2406 subclavias
744 2335 898 2408 arterias
918 2349 954 2406 et
979 2332 1188 2418 carotides‚
1209 2344 1240 2402 et
1255 2347 1311 2395 cor·

341 2448 399 2519 dis
412 2451 526 2547 ipsius
541 2453 759 2524 coronarias
774 2478 782 2520 :
799 2477 882 2549 qnae
897 2466 1101 2550 postremae
1124 2463 1228 2522 erant
1241 2447 1310 2516 insu·

339 2591 409 2665 per
432 2567 540 2638 valde
566 2567 743 2655 dilatam,
766 2594 842 2642 nna
865 2569 1100 2668 praesertim‚.
1117 2584 1163 2641 ut
1179 2571 1309 2664 *aequant

340 2685 619 2782 propemodum
645 2688 802 2760 sinistrae
828 2687 1006 2760 carotidis
1035 2685 1267 2758 latitudinem
1277 2682 1307 2747 111

338 2817 469 2875 ventre
493 2803 567 2875 lien
583 2829 721 2903 parvus
738 2821 776 2878 et
791 2803 899 2878 valde
917 2805 1043 2893 taxus,
1061 2829 1150 2877 curn
1164 2805 1260 2901 jecur
1274 2794 1308 2867 sic

338 2922 424 2994 satis
441 2920 540 2994 bene
553 2947 592 2995 se
610 2922 787 3012 haberet;
806 2947 893 2994 nam
909 2922 1017 3021 quod
1027 2923 1071 2994 in
1085 2923 1117 3018 ej
1124 2947 1174 2994 us-
1183 2911 1308 2992 vesicula

311 3039 317 3074 r
337 3054 434 3112 esset
452 3043 585 3138 exigna
607 3039 694 3112 bilis
719 3042 864 3139 portio,
884 3041 923 3112 id
950 3056 1030 3114 erat
1049 3038 1207 3114 fortasse
1228 3061 1264 3110 ex
1281 3051 1310 3101 e0

337 3157 441 3253 qnod
460 3159 626 3256 paucisa
645 3159 807 3258 prandio
825 3158 929 3232 horis
953 3184 1057 3232 mors
1078 3159 1308 3230 intervenerat

336 3279 459 3347 Renes
472 3275 634 3347 exterius
649 3275 758 3348 valde
775 3275 940 3367 flaccidi‚
957 3278 1117 3350 interius
1131 3269 1311 3347 autemsine

335 3391 438 3480 ullo,
456 3393 560 3490 quod
578 3394 811 3467 rarissimum
834 3410 912 3484 est,
932 3393 1055 3492 pelvi,
1079 3393 1195 3490 hujus
1215 3389 1311 3460 locun

336 3509 531 3582 obtinente
546 3514 749 3610 spongiosa
764 3512 927 3610 quadarn
943 3511 1168 3586 substantia.
1183 3513 1263 3595 Cum
1271 3503 1311 3570 in·

334 3645 392 3699 tra
409 3641 580 3702 ventrem
597 3629 694 3702 nihil
711 3645 809 3702 esset
820 3645 1001 3728 praeterea
1015 3617 1311 3713 adnotationedig·

307 3821 311 3828 ,
333 3771 426 3816 num
436 3800 445 3834 ‚
456 3746 612 3818 minime
625 3762 751 3819 antem
764 3747 896 3820 lateret
906 3762 987 3819 tum
998 3745 1037 3818 id
1048 3745 1153 3843 quod
1168 3741 1309 3816 diximus,

332 3859 530 3935 hominem
547 3888 708 3936 venerea
725 3864 787 3938 lue
803 3887 874 3938 nec
888 3863 1004 3938 semel
1022 3859 1200 3938 affectum
1212 3855 1308 3933 fuisses
1368 3883 1369 3968 p

331 3993 412 4050 tum
432 3981 504 4077 ipsi
524 3997 610 4055 ante
631 4007 752 4057 annos
779 3983 935 4080 triginta
963 3980 1186 4082 plumbeum
1205 3967 1307 4074 globo·
1368 3979 1369 4006 t
