2850 4668
289 462 333 538 72
450 455 497 506 DE
522 457 667 506 sautans
691 458 735 506 ΕΤ
760 455 883 506 causls
908 453 1117 505 HORBORUI

287 573 414 672 dropis
423 571 462 642 in
474 571 626 644 thorace
637 569 863 668 incipientis3
875 570 1008 668 procul
1021 569 1139 642 dubio
1152 593 1291 642 eorum

286 678 367 791 quae
376 691 415 762 in
424 689 624 760 novissima
635 686 926 778 inflammatione
937 687 1291 760 vehementeradeo

285 808 479 880 hominem
513 819 757 893 vexaverant,
794 819 937 903 partem
968 805 1041 876 alio
1071 805 1290 900 rejecissem

286 949 400 1022 quam
419 923 459 993 in
477 922 700 1021 pulmonum
725 921 922 1008 morbum,
949 923 1015 1018 qui
1038 921 1214 1018 denique
1228 923 1289 994 in-

286 1054 422 1110 ventus
438 1038 590 1136 quidem
611 1053 664 1110 est
683 1039 803 1136 qualis
820 1063 841 1110 a
858 1063 917 1111 me
932 1037 1130 1136 praedictus
1145 1035 1286 1126 fuerat,

287 1157 353 1230 sed
370 1181 448 1227 non
463 1171 600 1244 tantus,
608 1169 792 1254 quantum
807 1179 850 1228 ea
864 1169 1110 1253 symptomata
1119 1156 1292 1252 require·

287 1273 389 1345 bant.
405 1275 488 1344 Dixi
501 1287 645 1361 autem,
661 1288 745 1370 post
758 1275 916 1372 primam
932 1271 1169 1370 pleuritidem
1184 1274 1291 1370 signa

288 1415 366 1462 esse
378 1391 543 1488 potuisse
559 1389 701 1462 dilatati
717 1389 850 1462 cordis.
865 1390 959 1462 Huic
973 1390 1092 1478 euim,
1104 1413 1230 1486 neque
1239 1391 1292 1462 ita

286 1532 393 1596 raro,
409 1507 448 1578 id
465 1532 509 1578 ex
532 1505 731 1605 pleuritide
749 1499 938 1594 accidere,
963 1505 1037 1578 hoc
1058 1520 1114 1578 est
1139 1531 1184 1578 ex
1204 1505 1295 1604 pul·
1404 1555 1405 1568 η

286 1649 442 1696 monum
453 1622 762 1713 inflammatione,
779 1649 859 1696 non
873 1647 949 1696 una
961 1623 1133 1696 dissectio
1148 1622 1295 1694 indicat

287 1743 458 1838 superius¹
477 1743 680 1840 proposita.
699 1741 757 1812 Sic
768 1742 826 1812 vir
840 1740 887 1814 de
907 1765 984 1839 quo
1004 1725 1177 1840 proxime
1202 1754 1290 1812 ante

284 1858 390 1930 hunc
406 1859 707 1956 scripsimus(1)‚
725 1859 776 1932 sic
789 1860 898 1931 etiam
916 1882 1049 1946 senex,
1068 1855 1115 1930 de
1125 1881 1208 1955 quo
1216 1856 1288 1929 sub

286 1975 436 2048 initium
454 1975 595 2048 dictum
616 1990 671 2047 est
684 1974 760 2072 (a),
779 1975 841 2046 ille
859 1999 926 2046 cor
942 1974 1062 2070 majus
1077 1998 1188 2072 quam
1209 1975 1289 2070 ejus

286 2093 346 2167 vel
356 2117 514 2190 procera
522 2107 662 2164 statura
674 2089 881 2181 ferret‚hic
894 2092 1079 2172 sinistram
1095 2091 1221 2163 cordis
1232 2115 1291 2162 au·
1362 2177 1365 2188 .

287 2209 444 2280 riculam
463 2209 582 2281 multo
597 2233 709 2306 quam
726 2208 861 2297 soleat,
883 2200 1091 2307 longiorem
1109 2207 1291 2286 habuere

287 2327 348 2397 Sic
367 2325 516 2422 juvenis
533 2325 612 2414 ille,
636 2323 823 2398 secundus
846 2350 891 2396 ex
908 2326 953 2398 iis
970 2350 1067 2424 quos
1086 2327 1185 2398 iuter
1198 2323 1290 2398 Wal-

288 2442 394 2514 salvae
418 2441 697 2514 observationes
718 2443 981 2542 descripsimus
1005 2441 1076 2542 (3)
1101 2465 1168 2514 cor
1192 2443 1293 2515 mole

289 2573 441 2631 auctum
460 2557 633 2632 ostendit.
650 2559 728 2633 Nec
739 2586 829 2632 vero
844 2566 981 2633 mirum
995 2576 1071 2650 est,
1084 2561 1115 2632 si
1127 2561 1197 2632 viis
1209 2585 1290 2634 sau·

290 2677 413 2775 guinis
427 2701 496 2774 per
510 2675 758 2752 inflammatos
777 2678 978 2777 pulmones
998 2679 1238 2777 compressis,
1255 2693 1295 2764 et¹

292 2795 505 2882 coarctatis,
522 2793 583 2866 ille
596 2811 661 2866 aut
679 2798 790 2870 nimis
807 2796 1076 2885 distendendo,
1099 2810 1163 2868 aut
1179 2797 1294 2869 nimis

289 2912 472 2984 irritando
488 2937 569 3004 cor,
585 2930 621 2985 et
641 2917 794 3014 propria
815 2914 929 3012 hujus
947 2939 1051 3005 vasa,
1071 2917 1147 2988 vim
1162 2913 1292 2989 alferat

287 3031 403 3127 ipsius
420 3029 644 3128 parietibus,
657 3033 842 3103 intimaeve
854 3032 991 3104 horum
1004 3033 1230 3106 substantiae.
1246 3039 1294 3106 Et

289 3171 506 3244 quanquam
526 3147 701 3222 distentio
719 3149 842 3244 major
867 3173 946 3228 esse
977 3149 1111 3222 debeat
1130 3152 1170 3220 in
1190 3151 1292 3224 cavis

288 3263 470 3354 dexteris,
492 3265 632 3363 quippe
650 3291 821 3369 quorum!
838 3268 1096 3340 exonerationi
1113 3267 1290 3356 obstacu-

288 3381 368 3450 lum
380 3394 470 3451 tunc
483 3383 698 3480 oppositum
712 3399 767 3456 est
782 3384 822 3454 in
835 3382 1096 3481 pulmonibus3
1111 3386 1289 3456 tamenin

289 3497 493 3572 substantia
517 3500 649 3572 intima
670 3502 904 3574 sinistrorum
928 3525 1081 3600 quoque
1107 3521 1287 3574 carorum

233 3793 234 3796 ‘
329 3795 497 3873 (nr-³0·
836 3739 839 3746 ¹

326 3895 371 3974 (a)
390 3901 428 3955 N.
447 3905 474 3966 4.

391 3998 484 4072 Epist.
500 4015 551 4070 ao,
567 4017 598 4053 n.
618 3994 665 4056 st.
