2820 4668
304 393 374 472 520
470 417 517 470 or
542 417 689 471 annuus
715 417 759 468 nr
784 415 908 470 causis
934 417 1143 474 notrorum

302 537 377 610 tius
389 532 646 619 tameufibris
658 536 804 608 carneis
823 534 1041 625 inhaereret,
1058 541 1139 612 sine
1150 559 1316 636 quarum

302 653 528 726 laceratione
558 651 660 722 haud
687 667 835 750 poterat
859 657 1032 752 separari.
1056 657 1221 754 Reliqua
1239 683 1314 728 nou

301 771 410 869 potui
425 771 463 840 iu
478 767 652 855 thorace,
672 768 813 842 nedum
823 771 862 842 iu
873 772 995 868 capite
1005 823 1016 859 ,
1028 771 1234 869 diligenter
1247 776 1315 844 ine

297 889 447 987 piceno,
465 911 552 958 curn
574 886 691 983 magis
709 884 889 962 idoneum
904 886 1063 960 cadaver
1075 890 1224 960 interea
1233 913 1315 960 uae·

300 1020 381 1092 tus,
405 1002 520 1101 hujus
546 1017 722 1074 accurata
749 1001 1040 1092 observatione,
1063 1021 1205 1104 praeter
1229 1000 1313 1077 con·

300 1135 451 1196 ereetum
470 1117 636 1191 docendi
648 1143 789 1191 munus
803 1119 1014 1194 distinerer.
1038 1125 1083 1190 In
1105 1121 1175 1193 illo
1193 1138 1310 1196 tamen
1394 1115 1395 1140 ¹

301 1241 430 1337 priore
440 1237 575 1308 vidisse
588 1238 745 1310 memini
755 1238 973 1308 interiorem
984 1253 1096 1310 aortae
1112 1237 1251 1312 faciem
1260 1241 1310 1312 vel

300 1357 403 1456 pone
420 1354 586 1426 valvulas
606 1355 851 1431 semitunares
869 1354 1036 1428 subalbis
1059 1357 1230 1440 maculis,
1245 1357 1308 1430 dio
1394 1409 1395 1426 t

297 1473 477 1562 tinctam,
489 1495 583 1570 quat
594 1472 705 1551 etiam
720 1496 841 1571 prope
858 1473 1177 1568 ejusdivisionem
1190 1476 1233 1546 in
1246 1476 1310 1546 ilia-

226 1572 234 1589 ’
302 1615 384 1680 cas,
399 1605 436 1664 et
454 1591 491 1660 in
510 1590 568 1662 his
579 1591 672 1688 ipsis
680 1589 1027 1669 animadverteram.

298 1741 302 1766 1
358 1735 411 1807 17.
433 1708 595 1793 Vellem,
621 1708 652 1780 si
672 1705 757 1778 fieri
773 1709 972 1806 potuisset,
989 1709 1201 1807 peculiaria
1220 1737 1312 1809 quae·
1394 1705 1395 1714 ¹

302 1828 390 1900 dam
402 1827 573 1912 novisse,
589 1823 730 1923 quibus
744 1825 807 1898 liio
821 1826 1147 1913 m·enditus‚·dum
1158 1830 1313 1916 viveret,

304 1961 400 2021 es'set
417 1961 483 2016 aut
499 1969 577 2016 non
590 1959 686 2018 esset
697 1943 902 2032 obnoxius,
918 1960 955 2016 et
967 1959 1120 2042 tempus
1130 1962 1313 2044 praterea

239 2135 246 2147 ,
303 2063 480 2138 habuisse
508 2060 698 2158 ejusdem,
728 2063 794 2160 qui
818 2062 983 2134 lanarius
1005 2059 1128 2134 fuerat
1149 2079 1187 2136 et
1210 2063 1311 2134 valde

301 2181 549 2270 macilentus,
575 2179 779 2280 pulmones*
795 2179 979 2270 rimandi,
999 2195 1036 2252 et
1053 2181 1122 2277 qui
1142 2182 1313 2279 inopina-

295 2316 380 2372 ·tam
399 2315 558 2371 mortem
578 2297 741 2386 obierat,
761 2297 961 2370 cerebrum
976 2297 1182 2370 incidendi.
1207 2305 1312 2371 Nunc

300 2418 437 2490 ‘liceret
446 2411 762 2516 aptiusoonjicere
775 2441 888 2513 quarn
903 2417 941 2488 in
953 2415 1033 2512 ejus
1047 2415 1157 2488 obitu
1168 2434 1310 2516 partem

287 2535 441 2635 tfrigns,
460 2549 496 2606 et
511 2555 644 2630 quam,
661 2529 691 2605 si
703 2531 876 2606 fortesic·
893 2535 1035 2632 placet,
1059 2559 1230 2632 squamae
1247 2535 1310 2604 illae

309 2656 420 2727 etiam
455 2651 582 2722 cordis-
605 2675 717 2724 osseae
744 2650 965 2724 habuissent
983 2679 992 2720 ε
1010 2675 1234 2749 quanquam
1257 2651 1308 2722 hae

307 2772 403 2857 mihi
429 2769 584 2870 quidem
614 2766 793 2842 videntur
817 2793 895 2840 non
923 2771 973 2839 ita
1002 2793 1199 2868 magnam,
1229 2795 1311 2842 cum

299 2917 440 2970 ‘eorum
462 2891 565 2963 venit
580 2890 799 2960 innantem
816 2911 898 2985 quae
918 2887 1120 2986 supra(1)
1140 2889 1310 2984 diceban

307 3041 369 3090 me
387 3030 479 3085 tnnc
490 2995 618 3080 amieis
631 2999 957 3092 commemorasse.
973 3006 1085 3096 Quod
1096 3009 1182 3090 situ
1195 3034 1312 3080 exem·

301 3134 370 3232 ‘pla
387 3111 587 3200 illumiuus
607 3123 883 3196 arbitrarishuo
898 3127 1073 3213 attinere,
1090 3127 1312 3224 quippecal
1394 3193 1395 3220 p

301 3250 481 3321 'culorum
499 3245 626 3344 potius
641 3267 753 3340 quam
766 3239 925 3329 ossium
939 3267 1017 3314 oon
1031 3242 1093 3312 hic
1109 3242 1311 3340 disputabo

252 3377 254 3382 “
308 3393 400 3442 num
420 3375 581 3463 corpora
598 3387 640 3433 ea
654 3363 780 3432 onmia
796 3385 925 3432 revera
942 3357 1084 3432 luerint
1108 3362 1311 3451 calculosa,
1394 3341 1395 3400 i

297 3503 364 3574 Ἦ,
382 3486 411 3558 si
429 3484 539 3556 etiam
561 3479 717 3569 luerint,
734 3474 824 3549 nuru
838 3477 947 3550 'cordi
964 3479 1044 3575 ipsa
1061 3503 1140 3550 non
1162 3479 1312 3554 officere

225 3677 228 3686 ,
295 3603 527 3704 potuerint,
544 3600 574 3670 si
588 3621 684 3670 meae
704 3583 815 3670 osseae
833 3597 994 3684 laminae,
1012 3613 1199 3694 quantum
1221 3601 1313 3672 exie

349 3974 392 4051 (1)
412 3974 451 4031 u.
468 3973 513 4031 ιε.
