<?xml version="1.0" encoding="UTF-8"?>
<!DOCTYPE html PUBLIC "-//W3C//DTD XHTML 1.0 Transitional//EN"
    "http://www.w3.org/TR/xhtml1/DTD/xhtml1-transitional.dtd">
<html xmlns="http://www.w3.org/1999/xhtml" xml:lang="en" lang="en">
 <head>
  <title>
</title>
<meta http-equiv="Content-Type" content="text/html;charset=utf-8" />
  <meta name='ocr-system' content='tesseract 3.04.00' />
  <meta name='ocr-capabilities' content='ocr_page ocr_carea ocr_par ocr_line ocrx_word'/>
</head>
<body>
  <div class='ocr_page' id='page_1' title='image "./desedibusetcaus01adelgoog_0276.png"; bbox 0 0 2808 4664; ppageno 0'>
   <div class='ocr_carea' id='block_1_1' title="bbox 130 448 1080 532">
    <p class='ocr_par' dir='ltr' id='par_1_1' title="bbox 130 448 1080 532">
     <span class='ocr_line' id='line_1_1' title="bbox 130 448 1080 532; baseline 0.005 -15"><span class='ocrx_word' id='word_1_1' title='bbox 130 473 197 518; x_wconf 77' lang='lat' dir='ltr'>am.</span> <span class='ocrx_word' id='word_1_2' title='bbox 225 472 265 517; x_wconf 90' lang='lat'>11.</span> <span class='ocrx_word' id='word_1_3' title='bbox 293 471 340 518; x_wconf 79' lang='lat' dir='ltr'>na</span> <span class='ocrx_word' id='word_1_4' title='bbox 365 467 502 516; x_wconf 80' lang='lat' dir='ltr'>uounts</span> <span class='ocrx_word' id='word_1_5' title='bbox 525 467 721 532; x_wconf 77' lang='lat' dir='ltr'>ruonltms,</span> <span class='ocrx_word' id='word_1_6' title='bbox 746 470 859 518; x_wconf 80' lang='lat' dir='ltr'>nrtsr.</span> <span class='ocrx_word' id='word_1_7' title='bbox 881 448 981 519; x_wconf 66' lang='lat' dir='ltr'>&#39;xxia</span> <span class='ocrx_word' id='word_1_8' title='bbox 1012 451 1080 522; x_wconf 79' lang='lat'>285</span> 
     </span>
    </p>
   </div>
   <div class='ocr_carea' id='block_1_2' title="bbox 81 581 1087 4072">
    <p class='ocr_par' dir='ltr' id='par_1_2' title="bbox 81 581 1087 3486">
     <span class='ocr_line' id='line_1_2' title="bbox 87 581 1081 683; baseline 0.003 -30"><span class='ocrx_word' id='word_1_9' title='bbox 87 609 167 654; x_wconf 90' lang='lat' dir='ltr'>rum</span> <span class='ocrx_word' id='word_1_10' title='bbox 202 584 479 683; x_wconf 88' lang='lat' dir='ltr'>suspicionum,</span> <span class='ocrx_word' id='word_1_11' title='bbox 509 581 615 676; x_wconf 87' lang='lat' dir='ltr'>cujus</span> <span class='ocrx_word' id='word_1_12' title='bbox 648 583 857 678; x_wconf 89' lang='lat' dir='ltr'>poeniteret.</span> <span class='ocrx_word' id='word_1_13' title='bbox 899 590 1081 658; x_wconf 84' lang='lat' dir='ltr'>Caeterum</span> 
     </span>
     <span class='ocr_line' id='line_1_3' title="bbox 87 699 1080 798; baseline 0.004 -27"><span class='ocrx_word' id='word_1_14' title='bbox 87 703 272 798; x_wconf 81' lang='lat' dir='ltr'>sanguinis</span> <span class='ocrx_word' id='word_1_15' title='bbox 290 701 415 798; x_wconf 90' lang='lat' dir='ltr'>portio</span> <span class='ocrx_word' id='word_1_16' title='bbox 433 701 542 770; x_wconf 88' lang='lat' dir='ltr'>etiarn</span> <span class='ocrx_word' id='word_1_17' title='bbox 560 699 683 794; x_wconf 90' lang='lat' dir='ltr'>aliqua</span> <span class='ocrx_word' id='word_1_18' title='bbox 699 713 797 787; x_wconf 86' lang='lat' dir='ltr'>atra,</span> <span class='ocrx_word' id='word_1_19' title='bbox 817 715 853 771; x_wconf 92' lang='lat' dir='ltr'>et</span> <span class='ocrx_word' id='word_1_20' title='bbox 867 701 905 771; x_wconf 92' lang='lat' dir='ltr'>in</span> <span class='ocrx_word' id='word_1_21' title='bbox 928 727 1080 798; x_wconf 86' lang='lat' dir='ltr'>grumos</span> 
     </span>
     <span class='ocr_line' id='line_1_4' title="bbox 86 815 1080 914; baseline 0.005 -26"><span class='ocrx_word' id='word_1_22' title='bbox 86 833 258 890; x_wconf 87' lang='lat' dir='ltr'>concreta</span> <span class='ocrx_word' id='word_1_23' title='bbox 284 815 371 905; x_wconf 81' lang='lat' dir='ltr'>luit3</span> <span class='ocrx_word' id='word_1_24' title='bbox 391 816 455 888; x_wconf 90' lang='lat' dir='ltr'>sed</span> <span class='ocrx_word' id='word_1_25' title='bbox 476 840 562 914; x_wconf 90' lang='lat' dir='ltr'>pars</span> <span class='ocrx_word' id='word_1_26' title='bbox 583 816 702 911; x_wconf 86' lang='lat' dir='ltr'>major</span> <span class='ocrx_word' id='word_1_27' title='bbox 727 817 843 888; x_wconf 91' lang='lat' dir='ltr'>instar</span> <span class='ocrx_word' id='word_1_28' title='bbox 872 843 977 914; x_wconf 85' lang='lat' dir='ltr'>aquae</span> <span class='ocrx_word' id='word_1_29' title='bbox 1008 821 1080 892; x_wconf 85' lang='lat' dir='ltr'>dif-</span> 
     </span>
     <span class='ocr_line' id='line_1_5' title="bbox 84 933 1082 1032; baseline 0.008 -30"><span class='ocrx_word' id='word_1_30' title='bbox 84 933 224 1006; x_wconf 88' lang='lat' dir='ltr'>fluens:</span> <span class='ocrx_word' id='word_1_31' title='bbox 248 959 330 1032; x_wconf 87' lang='lat' dir='ltr'>quae</span> <span class='ocrx_word' id='word_1_32' title='bbox 358 934 449 1005; x_wconf 90' lang='lat' dir='ltr'>dum</span> <span class='ocrx_word' id='word_1_33' title='bbox 476 957 562 1004; x_wconf 89' lang='lat' dir='ltr'>vasa</span> <span class='ocrx_word' id='word_1_34' title='bbox 590 934 792 1030; x_wconf 86' lang='lat' dir='ltr'>praesertim</span> <span class='ocrx_word' id='word_1_35' title='bbox 812 933 1082 1029; x_wconf 84' lang='lat' dir='ltr'>dissecaremus</span> 
     </span>
     <span class='ocr_line' id='line_1_6' title="bbox 83 1050 1076 1148; baseline 0.005 -27"><span class='ocrx_word' id='word_1_36' title='bbox 83 1052 336 1148; x_wconf 89' lang='lat' dir='ltr'>pulmonaria,</span> <span class='ocrx_word' id='word_1_37' title='bbox 351 1066 388 1123; x_wconf 90' lang='lat' dir='ltr'>et</span> <span class='ocrx_word' id='word_1_38' title='bbox 403 1074 537 1148; x_wconf 84' lang='lat' dir='ltr'>magna</span> <span class='ocrx_word' id='word_1_39' title='bbox 554 1050 716 1145; x_wconf 92' lang='lat' dir='ltr'>reliqua,</span> <span class='ocrx_word' id='word_1_40' title='bbox 736 1051 1076 1128; x_wconf 83' lang='lat' dir='ltr'>animadvertimus.</span> 
     </span>
     <span class='ocr_line' id='line_1_7' title="bbox 82 1168 1080 1270; baseline 0.005 -30"><span class='ocrx_word' id='word_1_41' title='bbox 82 1172 199 1240; x_wconf 86' lang='lat' dir='ltr'>Antea</span> <span class='ocrx_word' id='word_1_42' title='bbox 213 1184 337 1240; x_wconf 87' lang='lat' dir='ltr'>autem</span> <span class='ocrx_word' id='word_1_43' title='bbox 355 1168 504 1240; x_wconf 84' lang='lat' dir='ltr'>vascula</span> <span class='ocrx_word' id='word_1_44' title='bbox 521 1191 604 1263; x_wconf 81' lang='lat' dir='ltr'>quae</span> <span class='ocrx_word' id='word_1_45' title='bbox 620 1191 688 1264; x_wconf 91' lang='lat' dir='ltr'>per</span> <span class='ocrx_word' id='word_1_46' title='bbox 705 1168 928 1264; x_wconf 90' lang='lat' dir='ltr'>pulmonum</span> <span class='ocrx_word' id='word_1_47' title='bbox 951 1196 1080 1270; x_wconf 90' lang='lat' dir='ltr'>super·</span> 
     </span>
     <span class='ocr_line' id='line_1_8' title="bbox 84 1281 1078 1388; baseline 0.01 -36"><span class='ocrx_word' id='word_1_48' title='bbox 84 1281 205 1358; x_wconf 89' lang='lat' dir='ltr'>ficiem</span> <span class='ocrx_word' id='word_1_49' title='bbox 220 1285 429 1372; x_wconf 90' lang='lat' dir='ltr'>ducuntur,</span> <span class='ocrx_word' id='word_1_50' title='bbox 451 1299 529 1355; x_wconf 91' lang='lat' dir='ltr'>atra</span> <span class='ocrx_word' id='word_1_51' title='bbox 549 1309 674 1380; x_wconf 91' lang='lat' dir='ltr'>neque</span> <span class='ocrx_word' id='word_1_52' title='bbox 692 1285 785 1355; x_wconf 86' lang='lat' dir='ltr'>adeo</span> <span class='ocrx_word' id='word_1_53' title='bbox 799 1287 921 1376; x_wconf 83' lang='lat' dir='ltr'>exilia,</span> <span class='ocrx_word' id='word_1_54' title='bbox 937 1290 1078 1388; x_wconf 88' lang='lat' dir='ltr'>quippe</span> 
     </span>
     <span class='ocr_line' id='line_1_9' title="bbox 84 1402 1079 1501; baseline 0.006 -28"><span class='ocrx_word' id='word_1_55' title='bbox 84 1405 263 1501; x_wconf 89' lang='lat' dir='ltr'>sanguine</span> <span class='ocrx_word' id='word_1_56' title='bbox 288 1402 468 1490; x_wconf 90' lang='lat' dir='ltr'>distenta,</span> <span class='ocrx_word' id='word_1_57' title='bbox 487 1402 613 1472; x_wconf 77' lang='lat' dir='ltr'>intuiti</span> <span class='ocrx_word' id='word_1_58' title='bbox 631 1426 802 1490; x_wconf 90' lang='lat' dir='ltr'>eramus,</span> <span class='ocrx_word' id='word_1_59' title='bbox 819 1405 971 1477; x_wconf 71' lang='lat' dir='ltr'>uisceris</span> <span class='ocrx_word' id='word_1_60' title='bbox 990 1407 1079 1478; x_wconf 92' lang='lat' dir='ltr'>sub-</span> 
     </span>
     <span class='ocr_line' id='line_1_10' title="bbox 85 1518 1079 1621; baseline 0.006 -29"><span class='ocrx_word' id='word_1_61' title='bbox 85 1522 216 1592; x_wconf 90' lang='lat' dir='ltr'>stantia</span> <span class='ocrx_word' id='word_1_62' title='bbox 238 1521 337 1590; x_wconf 90' lang='lat' dir='ltr'>inter</span> <span class='ocrx_word' id='word_1_63' title='bbox 355 1519 507 1590; x_wconf 90' lang='lat' dir='ltr'>illorum</span> <span class='ocrx_word' id='word_1_64' title='bbox 531 1543 634 1590; x_wconf 87' lang='lat' dir='ltr'>areas</span> <span class='ocrx_word' id='word_1_65' title='bbox 653 1518 855 1610; x_wconf 85' lang='lat' dir='ltr'>albicante,</span> <span class='ocrx_word' id='word_1_66' title='bbox 880 1523 909 1592; x_wconf 93' lang='lat' dir='ltr'>si</span> <span class='ocrx_word' id='word_1_67' title='bbox 936 1539 1079 1621; x_wconf 88' lang='lat' dir='ltr'>partem</span> 
     </span>
     <span class='ocr_line' id='line_1_11' title="bbox 84 1635 1079 1736; baseline 0.005 -29"><span class='ocrx_word' id='word_1_68' title='bbox 84 1638 316 1735; x_wconf 89' lang='lat' dir='ltr'>superiorem</span> <span class='ocrx_word' id='word_1_69' title='bbox 339 1638 536 1731; x_wconf 89' lang='lat' dir='ltr'>utriusque</span> <span class='ocrx_word' id='word_1_70' title='bbox 564 1635 755 1731; x_wconf 87' lang='lat' dir='ltr'>pulmonis</span> <span class='ocrx_word' id='word_1_71' title='bbox 784 1639 974 1732; x_wconf 86' lang='lat' dir='ltr'>excipias:</span> <span class='ocrx_word' id='word_1_72' title='bbox 998 1667 1079 1736; x_wconf 87' lang='lat' dir='ltr'>quae</span> 
     </span>
     <span class='ocr_line' id='line_1_12' title="bbox 83 1749 1080 1852; baseline 0.001 -27"><span class='ocrx_word' id='word_1_73' title='bbox 83 1756 188 1852; x_wconf 86' lang='lat' dir='ltr'>nigra</span> <span class='ocrx_word' id='word_1_74' title='bbox 204 1757 306 1826; x_wconf 90' lang='lat' dir='ltr'>intus</span> <span class='ocrx_word' id='word_1_75' title='bbox 316 1768 493 1848; x_wconf 85' lang='lat' dir='ltr'>extraque</span> <span class='ocrx_word' id='word_1_76' title='bbox 507 1749 595 1836; x_wconf 85' lang='lat' dir='ltr'>fuit,</span> <span class='ocrx_word' id='word_1_77' title='bbox 614 1749 786 1847; x_wconf 87' lang='lat' dir='ltr'>praedura</span> <span class='ocrx_word' id='word_1_78' title='bbox 798 1751 972 1848; x_wconf 88' lang='lat' dir='ltr'>insuper,</span> <span class='ocrx_word' id='word_1_79' title='bbox 988 1769 1080 1826; x_wconf 87' lang='lat' dir='ltr'>etex</span> 
     </span>
     <span class='ocr_line' id='line_1_13' title="bbox 84 1865 1081 1968; baseline 0 -27"><span class='ocrx_word' id='word_1_80' title='bbox 84 1895 157 1968; x_wconf 89' lang='lat' dir='ltr'>qua</span> <span class='ocrx_word' id='word_1_81' title='bbox 181 1869 338 1941; x_wconf 88' lang='lat' dir='ltr'>dissecta</span> <span class='ocrx_word' id='word_1_82' title='bbox 362 1869 472 1939; x_wconf 88' lang='lat' dir='ltr'>iehor</span> <span class='ocrx_word' id='word_1_83' title='bbox 498 1865 667 1961; x_wconf 91' lang='lat' dir='ltr'>undique</span> <span class='ocrx_word' id='word_1_84' title='bbox 693 1865 880 1938; x_wconf 86' lang='lat' dir='ltr'>defluebat</span> <span class='ocrx_word' id='word_1_85' title='bbox 904 1871 1081 1942; x_wconf 90' lang='lat' dir='ltr'>crassius-</span> 
     </span>
     <span class='ocr_line' id='line_1_14' title="bbox 83 1983 1078 2079; baseline 0 -21"><span class='ocrx_word' id='word_1_86' title='bbox 83 1988 211 2076; x_wconf 89' lang='lat' dir='ltr'>culus,</span> <span class='ocrx_word' id='word_1_87' title='bbox 230 1985 358 2058; x_wconf 87' lang='lat' dir='ltr'>colore</span> <span class='ocrx_word' id='word_1_88' title='bbox 384 2007 498 2079; x_wconf 89' lang='lat' dir='ltr'>quem</span> <span class='ocrx_word' id='word_1_89' title='bbox 530 1983 675 2052; x_wconf 83' lang='lat' dir='ltr'>tabacci</span> <span class='ocrx_word' id='word_1_90' title='bbox 696 1996 881 2054; x_wconf 85' lang='lat' dir='ltr'>nostrates</span> <span class='ocrx_word' id='word_1_91' title='bbox 903 1986 1078 2058; x_wconf 87' lang='lat' dir='ltr'>vocitant.</span> 
     </span>
     <span class='ocr_line' id='line_1_15' title="bbox 82 2098 1079 2198; baseline -0.003 -22"><span class='ocrx_word' id='word_1_92' title='bbox 82 2108 223 2176; x_wconf 87' lang='lat' dir='ltr'>Ventre</span> <span class='ocrx_word' id='word_1_93' title='bbox 241 2102 405 2198; x_wconf 85' lang='lat' dir='ltr'>denique</span> <span class='ocrx_word' id='word_1_94' title='bbox 430 2113 613 2187; x_wconf 79' lang='lat' dir='ltr'>reserate,</span> <span class='ocrx_word' id='word_1_95' title='bbox 628 2113 671 2170; x_wconf 91' lang='lat' dir='ltr'>ut</span> <span class='ocrx_word' id='word_1_96' title='bbox 687 2098 780 2195; x_wconf 92' lang='lat' dir='ltr'>quid</span> <span class='ocrx_word' id='word_1_97' title='bbox 799 2101 837 2169; x_wconf 92' lang='lat' dir='ltr'>in</span> <span class='ocrx_word' id='word_1_98' title='bbox 857 2099 1079 2198; x_wconf 85' lang='lat' dir='ltr'>hypochon-</span> 
     </span>
     <span class='ocr_line' id='line_1_16' title="bbox 83 2216 1079 2314; baseline 0.001 -23"><span class='ocrx_word' id='word_1_99' title='bbox 83 2221 168 2291; x_wconf 89' lang='lat' dir='ltr'>drio</span> <span class='ocrx_word' id='word_1_100' title='bbox 200 2220 354 2290; x_wconf 82' lang='lat' dir='ltr'>dextero</span> <span class='ocrx_word' id='word_1_101' title='bbox 389 2216 580 2305; x_wconf 88' lang='lat' dir='ltr'>dolorem,</span> <span class='ocrx_word' id='word_1_102' title='bbox 610 2232 873 2314; x_wconf 86' lang='lat' dir='ltr'>tumoremque</span> <span class='ocrx_word' id='word_1_103' title='bbox 914 2216 1079 2310; x_wconf 85' lang='lat' dir='ltr'>fecisset,</span> 
     </span>
     <span class='ocr_line' id='line_1_17' title="bbox 83 2332 1079 2434; baseline 0.003 -27"><span class='ocrx_word' id='word_1_104' title='bbox 83 2359 419 2434; x_wconf 86' lang='lat' dir='ltr'>cognosceremus;</span> <span class='ocrx_word' id='word_1_105' title='bbox 446 2333 565 2432; x_wconf 87' lang='lat' dir='ltr'>hepar</span> <span class='ocrx_word' id='word_1_106' title='bbox 592 2332 823 2422; x_wconf 89' lang='lat' dir='ltr'>subdurum,</span> <span class='ocrx_word' id='word_1_107' title='bbox 849 2349 886 2405; x_wconf 92' lang='lat' dir='ltr'>et</span> <span class='ocrx_word' id='word_1_108' title='bbox 915 2338 1079 2412; x_wconf 90' lang='lat' dir='ltr'>minimis</span> 
     </span>
     <span class='ocr_line' id='line_1_18' title="bbox 81 2450 1079 2548; baseline 0.002 -22"><span class='ocrx_word' id='word_1_109' title='bbox 81 2469 165 2526; x_wconf 87' lang='lat' dir='ltr'>tum</span> <span class='ocrx_word' id='word_1_110' title='bbox 184 2452 297 2541; x_wconf 90' lang='lat' dir='ltr'>albis,</span> <span class='ocrx_word' id='word_1_111' title='bbox 314 2467 394 2522; x_wconf 89' lang='lat' dir='ltr'>tum</span> <span class='ocrx_word' id='word_1_112' title='bbox 406 2453 486 2546; x_wconf 84' lang='lat' dir='ltr'>ejus</span> <span class='ocrx_word' id='word_1_113' title='bbox 503 2475 615 2548; x_wconf 92' lang='lat' dir='ltr'>quem</span> <span class='ocrx_word' id='word_1_114' title='bbox 633 2451 747 2521; x_wconf 91' lang='lat' dir='ltr'>modo</span> <span class='ocrx_word' id='word_1_115' title='bbox 767 2450 1000 2543; x_wconf 88' lang='lat' dir='ltr'>dicebamus,</span> <span class='ocrx_word' id='word_1_116' title='bbox 1020 2480 1079 2528; x_wconf 90' lang='lat' dir='ltr'>co-</span> 
     </span>
     <span class='ocr_line' id='line_1_19' title="bbox 82 2569 1080 2668; baseline 0.004 -27"><span class='ocrx_word' id='word_1_117' title='bbox 82 2571 155 2642; x_wconf 90' lang='lat' dir='ltr'>lori</span> <span class='ocrx_word' id='word_1_118' title='bbox 172 2569 364 2668; x_wconf 86' lang='lat' dir='ltr'>particulis</span> <span class='ocrx_word' id='word_1_119' title='bbox 384 2570 501 2640; x_wconf 91' lang='lat' dir='ltr'>instar</span> <span class='ocrx_word' id='word_1_120' title='bbox 524 2569 720 2639; x_wconf 90' lang='lat' dir='ltr'>marmoris</span> <span class='ocrx_word' id='word_1_121' title='bbox 745 2570 973 2666; x_wconf 87' lang='lat' dir='ltr'>variegatum</span> <span class='ocrx_word' id='word_1_122' title='bbox 1000 2573 1080 2645; x_wconf 91' lang='lat' dir='ltr'>ubi·</span> 
     </span>
     <span class='ocr_line' id='line_1_20' title="bbox 84 2685 1078 2790; baseline -0.001 -30"><span class='ocrx_word' id='word_1_123' title='bbox 84 2714 158 2785; x_wconf 93' lang='lat' dir='ltr'>que</span> <span class='ocrx_word' id='word_1_124' title='bbox 176 2687 514 2786; x_wconf 88' lang='lat' dir='ltr'>deprehendimus:</span> <span class='ocrx_word' id='word_1_125' title='bbox 530 2685 634 2782; x_wconf 92' lang='lat' dir='ltr'>quod</span> <span class='ocrx_word' id='word_1_126' title='bbox 658 2686 889 2777; x_wconf 89' lang='lat' dir='ltr'>attollentes,</span> <span class='ocrx_word' id='word_1_127' title='bbox 918 2693 986 2765; x_wconf 88' lang='lat' dir='ltr'>etsi</span> <span class='ocrx_word' id='word_1_128' title='bbox 1010 2716 1078 2790; x_wconf 91' lang='lat' dir='ltr'>py-</span> 
     </span>
     <span class='ocr_line' id='line_1_21' title="bbox 84 2803 1079 2902; baseline 0.005 -27"><span class='ocrx_word' id='word_1_129' title='bbox 84 2805 173 2895; x_wconf 86' lang='lat' dir='ltr'>lori,</span> <span class='ocrx_word' id='word_1_130' title='bbox 193 2820 230 2876; x_wconf 90' lang='lat' dir='ltr'>et</span> <span class='ocrx_word' id='word_1_131' title='bbox 248 2803 414 2876; x_wconf 91' lang='lat' dir='ltr'>duodeni</span> <span class='ocrx_word' id='word_1_132' title='bbox 429 2804 594 2874; x_wconf 88' lang='lat' dir='ltr'>intestini</span> <span class='ocrx_word' id='word_1_133' title='bbox 611 2818 755 2900; x_wconf 89' lang='lat' dir='ltr'>partem</span> <span class='ocrx_word' id='word_1_134' title='bbox 775 2829 857 2902; x_wconf 88' lang='lat' dir='ltr'>quae</span> <span class='ocrx_word' id='word_1_135' title='bbox 874 2804 960 2878; x_wconf 93' lang='lat' dir='ltr'>bilis</span> <span class='ocrx_word' id='word_1_136' title='bbox 984 2812 1079 2880; x_wconf 91' lang='lat' dir='ltr'>vesi-</span> 
     </span>
     <span class='ocr_line' id='line_1_22' title="bbox 83 2917 1080 3019; baseline 0.004 -26"><span class='ocrx_word' id='word_1_137' title='bbox 83 2923 173 2993; x_wconf 83' lang='lat' dir='ltr'>culae</span> <span class='ocrx_word' id='word_1_138' title='bbox 188 2921 326 3019; x_wconf 84' lang='lat' dir='ltr'>attigua</span> <span class='ocrx_word' id='word_1_139' title='bbox 339 2918 474 3008; x_wconf 82' lang='lat' dir='ltr'>fuerat,</span> <span class='ocrx_word' id='word_1_140' title='bbox 486 2917 683 2990; x_wconf 86' lang='lat' dir='ltr'>flaventem</span> <span class='ocrx_word' id='word_1_141' title='bbox 693 2923 975 3017; x_wconf 86' lang='lat' dir='ltr'>conspeximus;</span> <span class='ocrx_word' id='word_1_142' title='bbox 994 2924 1080 2997; x_wconf 92' lang='lat' dir='ltr'>bilis</span> 
     </span>
     <span class='ocr_line' id='line_1_23' title="bbox 82 3034 1079 3142; baseline 0 -33"><span class='ocrx_word' id='word_1_143' title='bbox 82 3053 227 3142; x_wconf 79' lang='lat' dir='ltr'>tamen,</span> <span class='ocrx_word' id='word_1_144' title='bbox 239 3063 314 3135; x_wconf 93' lang='lat' dir='ltr'>qua</span> <span class='ocrx_word' id='word_1_145' title='bbox 330 3052 408 3110; x_wconf 88' lang='lat' dir='ltr'>erat</span> <span class='ocrx_word' id='word_1_146' title='bbox 424 3036 586 3108; x_wconf 87' lang='lat' dir='ltr'>vesicula</span> <span class='ocrx_word' id='word_1_147' title='bbox 600 3034 759 3108; x_wconf 90' lang='lat' dir='ltr'>distenta</span> <span class='ocrx_word' id='word_1_148' title='bbox 770 3052 806 3106; x_wconf 91' lang='lat' dir='ltr'>et</span> <span class='ocrx_word' id='word_1_149' title='bbox 821 3037 986 3126; x_wconf 76' lang='lat' dir='ltr'>dilatata,</span> <span class='ocrx_word' id='word_1_150' title='bbox 999 3042 1079 3138; x_wconf 90' lang='lat' dir='ltr'>ipsa</span> 
     </span>
     <span class='ocr_line' id='line_1_24' title="bbox 83 3152 1081 3242; baseline 0.004 -16"><span class='ocrx_word' id='word_1_151' title='bbox 83 3170 333 3228; x_wconf 86' lang='lat' dir='ltr'>atramentum</span> <span class='ocrx_word' id='word_1_152' title='bbox 352 3153 559 3242; x_wconf 82' lang='lat' dir='ltr'>referebat3</span> <span class='ocrx_word' id='word_1_153' title='bbox 584 3167 684 3224; x_wconf 87' lang='lat' dir='ltr'>certe</span> <span class='ocrx_word' id='word_1_154' title='bbox 700 3152 801 3224; x_wconf 91' lang='lat' dir='ltr'>illius</span> <span class='ocrx_word' id='word_1_155' title='bbox 817 3155 962 3228; x_wconf 90' lang='lat' dir='ltr'>tunicas</span> <span class='ocrx_word' id='word_1_156' title='bbox 981 3174 1081 3234; x_wconf 73' lang='lat' dir='ltr'>exte-a</span> 
     </span>
     <span class='ocr_line' id='line_1_25' title="bbox 81 3271 1087 3371; baseline 0.005 -30"><span class='ocrx_word' id='word_1_157' title='bbox 81 3274 157 3346; x_wconf 88' lang='lat' dir='ltr'>rius</span> <span class='ocrx_word' id='word_1_158' title='bbox 179 3273 452 3371; x_wconf 86' lang='lat' dir='ltr'>nigrescentes,</span> <span class='ocrx_word' id='word_1_159' title='bbox 472 3271 574 3342; x_wconf 92' lang='lat' dir='ltr'>intus</span> <span class='ocrx_word' id='word_1_160' title='bbox 600 3284 724 3341; x_wconf 91' lang='lat' dir='ltr'>autem</span> <span class='ocrx_word' id='word_1_161' title='bbox 745 3271 822 3365; x_wconf 89' lang='lat' dir='ltr'>jam</span> <span class='ocrx_word' id='word_1_162' title='bbox 841 3294 995 3369; x_wconf 88' lang='lat' dir='ltr'>prorsus</span> <span class='ocrx_word' id='word_1_163' title='bbox 1020 3278 1087 3348; x_wconf 73' lang='lat' dir='ltr'>ni-¹</span> 
     </span>
     <span class='ocr_line' id='line_1_26' title="bbox 83 3387 567 3486; baseline -0.006 -26"><span class='ocrx_word' id='word_1_164' title='bbox 83 3413 163 3486; x_wconf 84' lang='lat' dir='ltr'>gras</span> <span class='ocrx_word' id='word_1_165' title='bbox 183 3387 294 3462; x_wconf 87' lang='lat' dir='ltr'>lactas</span> <span class='ocrx_word' id='word_1_166' title='bbox 311 3389 567 3486; x_wconf 83' lang='lat' dir='ltr'>spectavimus.</span> 
     </span>
    </p>

    <p class='ocr_par' dir='ltr' id='par_1_3' title="bbox 83 3505 1082 4072">
     <span class='ocr_line' id='line_1_27' title="bbox 135 3505 1079 3603; baseline 0.005 -25"><span class='ocrx_word' id='word_1_167' title='bbox 135 3514 190 3596; x_wconf 68' lang='lat'>14.</span> <span class='ocrx_word' id='word_1_168' title='bbox 215 3507 311 3579; x_wconf 90' lang='lat' dir='ltr'>Fieri</span> <span class='ocrx_word' id='word_1_169' title='bbox 328 3521 470 3603; x_wconf 92' lang='lat' dir='ltr'>potest,</span> <span class='ocrx_word' id='word_1_170' title='bbox 489 3521 531 3578; x_wconf 93' lang='lat' dir='ltr'>ut</span> <span class='ocrx_word' id='word_1_171' title='bbox 548 3507 578 3577; x_wconf 93' lang='lat' dir='ltr'>is</span> <span class='ocrx_word' id='word_1_172' title='bbox 597 3505 809 3578; x_wconf 89' lang='lat' dir='ltr'>tunicarum</span> <span class='ocrx_word' id='word_1_173' title='bbox 832 3507 938 3578; x_wconf 90' lang='lat' dir='ltr'>color</span> <span class='ocrx_word' id='word_1_174' title='bbox 954 3511 1079 3584; x_wconf 89' lang='lat' dir='ltr'>miuus</span> 
     </span>
     <span class='ocr_line' id='line_1_28' title="bbox 84 3620 1079 3723; baseline 0.003 -29"><span class='ocrx_word' id='word_1_175' title='bbox 84 3623 193 3696; x_wconf 91' lang='lat' dir='ltr'>abile</span> <span class='ocrx_word' id='word_1_176' title='bbox 208 3638 318 3710; x_wconf 89' lang='lat' dir='ltr'>esset,</span> <span class='ocrx_word' id='word_1_177' title='bbox 340 3647 455 3719; x_wconf 89' lang='lat' dir='ltr'>quam</span> <span class='ocrx_word' id='word_1_178' title='bbox 469 3648 490 3693; x_wconf 94' lang='lat' dir='ltr'>a</span> <span class='ocrx_word' id='word_1_179' title='bbox 502 3621 673 3694; x_wconf 87' lang='lat' dir='ltr'>vesiculae</span> <span class='ocrx_word' id='word_1_180' title='bbox 683 3620 987 3714; x_wconf 89' lang='lat' dir='ltr'>inflammatione,</span> <span class='ocrx_word' id='word_1_181' title='bbox 996 3651 1079 3723; x_wconf 82' lang='lat' dir='ltr'>quae</span> 
     </span>
     <span class='ocr_line' id='line_1_29' title="bbox 83 3739 1082 3839; baseline 0 -27"><span class='ocrx_word' id='word_1_182' title='bbox 83 3741 157 3835; x_wconf 83' lang='lat' dir='ltr'>jam</span> <span class='ocrx_word' id='word_1_183' title='bbox 183 3741 223 3811; x_wconf 91' lang='lat' dir='ltr'>in</span> <span class='ocrx_word' id='word_1_184' title='bbox 250 3764 484 3839; x_wconf 83' lang='lat' dir='ltr'>gaugraenam</span> <span class='ocrx_word' id='word_1_185' title='bbox 511 3739 794 3836; x_wconf 87' lang='lat' dir='ltr'>degenerasset:</span> <span class='ocrx_word' id='word_1_186' title='bbox 813 3740 917 3838; x_wconf 92' lang='lat' dir='ltr'>quod</span> <span class='ocrx_word' id='word_1_187' title='bbox 940 3740 1082 3830; x_wconf 81' lang='lat' dir='ltr'>siluit,</span> 
     </span>
     <span class='ocr_line' id='line_1_30' title="bbox 88 3854 1081 3953; baseline -0.003 -22"><span class='ocrx_word' id='word_1_188' title='bbox 88 3854 202 3931; x_wconf 87' lang='lat' dir='ltr'>habes</span> <span class='ocrx_word' id='word_1_189' title='bbox 227 3855 329 3928; x_wconf 89' lang='lat' dir='ltr'>unde</span> <span class='ocrx_word' id='word_1_190' title='bbox 361 3857 478 3952; x_wconf 87' lang='lat' dir='ltr'>magis</span> <span class='ocrx_word' id='word_1_191' title='bbox 504 3855 687 3953; x_wconf 87' lang='lat' dir='ltr'>intelligas</span> <span class='ocrx_word' id='word_1_192' title='bbox 706 3857 847 3927; x_wconf 90' lang='lat' dir='ltr'>doloris</span> <span class='ocrx_word' id='word_1_193' title='bbox 869 3856 966 3928; x_wconf 90' lang='lat' dir='ltr'>illius</span> <span class='ocrx_word' id='word_1_194' title='bbox 994 3882 1081 3928; x_wconf 91' lang='lat' dir='ltr'>cau·</span> 
     </span>
     <span class='ocr_line' id='line_1_31' title="bbox 87 3971 1082 4072; baseline 0 -27"><span class='ocrx_word' id='word_1_195' title='bbox 87 3995 183 4063; x_wconf 83' lang='lat' dir='ltr'>sam,</span> <span class='ocrx_word' id='word_1_196' title='bbox 204 3974 269 4072; x_wconf 94' lang='lat' dir='ltr'>qui</span> <span class='ocrx_word' id='word_1_197' title='bbox 283 3973 389 4044; x_wconf 90' lang='lat' dir='ltr'>initio</span> <span class='ocrx_word' id='word_1_198' title='bbox 406 3971 738 4070; x_wconf 86' lang='lat' dir='ltr'>hypochondrium</span> <span class='ocrx_word' id='word_1_199' title='bbox 755 3972 950 4044; x_wconf 84' lang='lat' dir='ltr'>dexterum</span> <span class='ocrx_word' id='word_1_200' title='bbox 971 3997 1082 4071; x_wconf 86' lang='lat' dir='ltr'>urge-</span> 
     </span>
    </p>
   </div>
   <div class='ocr_carea' id='block_1_3' title="bbox 0 0 1408 4664">
    <p class='ocr_par' dir='ltr' id='par_1_4' title="bbox 0 0 1408 4664">
     <span class='ocr_line' id='line_1_32' title="bbox 0 0 1408 4664; baseline 0 0"><span class='ocrx_word' id='word_1_201' title='bbox 0 0 1408 4664; x_wconf 95' lang='lat' dir='ltr'> </span> 
     </span>
    </p>
   </div>
  </div>
 </body>
</html>
