<?xml version="1.0" encoding="UTF-8"?>
<!DOCTYPE html PUBLIC "-//W3C//DTD XHTML 1.0 Transitional//EN"
    "http://www.w3.org/TR/xhtml1/DTD/xhtml1-transitional.dtd">
<html xmlns="http://www.w3.org/1999/xhtml" xml:lang="en" lang="en">
 <head>
  <title>
</title>
<meta http-equiv="Content-Type" content="text/html;charset=utf-8" />
  <meta name='ocr-system' content='tesseract 3.04.00' />
  <meta name='ocr-capabilities' content='ocr_page ocr_carea ocr_par ocr_line ocrx_word'/>
</head>
<body>
  <div class='ocr_page' id='page_1' title='image "./desedibusetcaus01adelgoog_0249.png"; bbox 0 0 2808 4664; ppageno 0'>
   <div class='ocr_carea' id='block_1_1' title="bbox 277 476 1113 554">
    <p class='ocr_par' dir='ltr' id='par_1_1' title="bbox 277 476 1113 554">
     <span class='ocr_line' id='line_1_1' title="bbox 277 476 1113 554; baseline -0.014 -2"><span class='ocrx_word' id='word_1_1' title='bbox 277 476 355 554; x_wconf 75' lang='lat'>,256</span> <span class='ocrx_word' id='word_1_2' title='bbox 443 497 494 544; x_wconf 84' lang='lat' dir='ltr'>nn</span> <span class='ocrx_word' id='word_1_3' title='bbox 519 491 663 544; x_wconf 71' lang='lat' dir='ltr'>sentens</span> <span class='ocrx_word' id='word_1_4' title='bbox 688 491 731 540; x_wconf 79' lang='lat' dir='ltr'>nr</span> <span class='ocrx_word' id='word_1_5' title='bbox 756 489 879 539; x_wconf 76' lang='lat' dir='ltr'>cans1s</span> <span class='ocrx_word' id='word_1_6' title='bbox 904 487 1113 540; x_wconf 80' lang='lat' dir='ltr'>nonnonnn</span> 
     </span>
    </p>
   </div>
   <div class='ocr_carea' id='block_1_2' title="bbox 281 602 1399 3398">
    <p class='ocr_par' dir='ltr' id='par_1_2' title="bbox 281 602 1399 3398">
     <span class='ocr_line' id='line_1_2' title="bbox 281 602 1291 705; baseline -0.006 -19"><span class='ocrx_word' id='word_1_7' title='bbox 281 610 434 686; x_wconf 85' lang='lat' dir='ltr'>vinculo</span> <span class='ocrx_word' id='word_1_8' title='bbox 451 611 549 682; x_wconf 89' lang='lat' dir='ltr'>inter</span> <span class='ocrx_word' id='word_1_9' title='bbox 569 603 819 705; x_wconf 87' lang='lat' dir='ltr'>pericardium</span> <span class='ocrx_word' id='word_1_10' title='bbox 840 602 976 694; x_wconf 90' lang='lat' dir='ltr'>ducto,</span> <span class='ocrx_word' id='word_1_11' title='bbox 994 617 1031 677; x_wconf 89' lang='lat' dir='ltr'>et</span> <span class='ocrx_word' id='word_1_12' title='bbox 1047 603 1176 679; x_wconf 89' lang='lat' dir='ltr'>cordis</span> <span class='ocrx_word' id='word_1_13' title='bbox 1191 606 1291 680; x_wconf 87' lang='lat' dir='ltr'>latus</span> 
     </span>
     <span class='ocr_line' id='line_1_3' title="bbox 283 720 1292 820; baseline -0.007 -18"><span class='ocrx_word' id='word_1_14' title='bbox 283 734 404 818; x_wconf 89' lang='lat' dir='ltr'>ineo,</span> <span class='ocrx_word' id='word_1_15' title='bbox 423 728 485 800; x_wconf 90' lang='lat' dir='ltr'>cui</span> <span class='ocrx_word' id='word_1_16' title='bbox 502 725 626 796; x_wconf 87' lang='lat' dir='ltr'>varius</span> <span class='ocrx_word' id='word_1_17' title='bbox 643 720 839 793; x_wconf 91' lang='lat' dir='ltr'>decubitus</span> <span class='ocrx_word' id='word_1_18' title='bbox 867 721 1011 793; x_wconf 82' lang='lat' dir='ltr'>varium</span> <span class='ocrx_word' id='word_1_19' title='bbox 1035 722 1191 820; x_wconf 87' lang='lat' dir='ltr'>pdlsum</span> <span class='ocrx_word' id='word_1_20' title='bbox 1210 723 1292 796; x_wconf 89' lang='lat' dir='ltr'>effi·</span> 
     </span>
     <span class='ocr_line' id='line_1_4' title="bbox 285 838 1293 940; baseline -0.006 -21"><span class='ocrx_word' id='word_1_21' title='bbox 285 846 428 919; x_wconf 87' lang='lat' dir='ltr'>ciebat:</span> <span class='ocrx_word' id='word_1_22' title='bbox 447 859 587 940; x_wconf 46' lang='lat' dir='ltr'>etfqnae</span> <span class='ocrx_word' id='word_1_23' title='bbox 605 841 652 912; x_wconf 92' lang='lat' dir='ltr'>de</span> <span class='ocrx_word' id='word_1_24' title='bbox 672 855 834 911; x_wconf 88' lang='lat' dir='ltr'>tremore</span> <span class='ocrx_word' id='word_1_25' title='bbox 856 838 980 910; x_wconf 90' lang='lat' dir='ltr'>cordis</span> <span class='ocrx_word' id='word_1_26' title='bbox 1004 840 1106 939; x_wconf 89' lang='lat' dir='ltr'>apud</span> <span class='ocrx_word' id='word_1_27' title='bbox 1127 841 1293 913; x_wconf 83' lang='lat' dir='ltr'>Alberti-</span> 
     </span>
     <span class='ocr_line' id='line_1_5' title="bbox 289 956 1292 1057; baseline -0.005 -22"><span class='ocrx_word' id='word_1_28' title='bbox 289 989 381 1036; x_wconf 91' lang='lat' dir='ltr'>num</span> <span class='ocrx_word' id='word_1_29' title='bbox 399 961 454 1059; x_wconf 84' lang='lat'>(1)</span> <span class='ocrx_word' id='word_1_30' title='bbox 470 960 623 1057; x_wconf 83' lang='lat' dir='ltr'>legeris,</span> <span class='ocrx_word' id='word_1_31' title='bbox 644 958 674 1028; x_wconf 91' lang='lat' dir='ltr'>si</span> <span class='ocrx_word' id='word_1_32' title='bbox 684 957 712 1026; x_wconf 90' lang='lat' dir='ltr'>ii</span> <span class='ocrx_word' id='word_1_33' title='bbox 728 956 948 1028; x_wconf 86' lang='lat' dir='ltr'><strong>concitatius</strong></span> <span class='ocrx_word' id='word_1_34' title='bbox 961 980 1000 1028; x_wconf 89' lang='lat' dir='ltr'>se</span> <span class='ocrx_word' id='word_1_35' title='bbox 1014 975 1236 1047; x_wconf 91' lang='lat' dir='ltr'>moverent,</span> <span class='ocrx_word' id='word_1_36' title='bbox 1253 962 1292 1030; x_wconf 91' lang='lat' dir='ltr'>in</span> 
     </span>
     <span class='ocr_line' id='line_1_6' title="bbox 288 1071 1294 1181; baseline -0.007 -29"><span class='ocrx_word' id='word_1_37' title='bbox 288 1081 428 1181; x_wconf 89' lang='lat' dir='ltr'>quibus</span> <span class='ocrx_word' id='word_1_38' title='bbox 444 1081 546 1148; x_wconf 84' lang='lat' dir='ltr'>tenui</span> <span class='ocrx_word' id='word_1_39' title='bbox 561 1075 793 1146; x_wconf 84' lang='lat' dir='ltr'><strong><em>membraneo</em></strong></span> <span class='ocrx_word' id='word_1_40' title='bbox 809 1071 961 1146; x_wconf 83' lang='lat' dir='ltr'>vinculo</span> <span class='ocrx_word' id='word_1_41' title='bbox 978 1073 1066 1146; x_wconf 77' lang='lat' dir='ltr'>laxe</span> <span class='ocrx_word' id='word_1_42' title='bbox 1082 1075 1194 1147; x_wconf 83' lang='lat' dir='ltr'>cordi</span> <span class='ocrx_word' id='word_1_43' title='bbox 1208 1074 1294 1146; x_wconf 82' lang='lat' dir='ltr'>alli-</span> 
     </span>
     <span class='ocr_line' id='line_1_7' title="bbox 288 1191 1294 1297; baseline -0.003 -29"><span class='ocrx_word' id='word_1_44' title='bbox 288 1191 678 1297; x_wconf 77' lang='lat' dir='ltr'>gatnrnpericardium</span> <span class='ocrx_word' id='word_1_45' title='bbox 690 1192 852 1262; x_wconf 87' lang='lat' dir='ltr'>invenit:</span> <span class='ocrx_word' id='word_1_46' title='bbox 868 1205 905 1262; x_wconf 89' lang='lat' dir='ltr'>et</span> <span class='ocrx_word' id='word_1_47' title='bbox 919 1214 1001 1288; x_wconf 86' lang='lat' dir='ltr'>quae</span> <span class='ocrx_word' id='word_1_48' title='bbox 1012 1193 1051 1263; x_wconf 91' lang='lat' dir='ltr'>in</span> <span class='ocrx_word' id='word_1_49' title='bbox 1069 1194 1294 1290; x_wconf 78' lang='lat' dir='ltr'>sepulchre</span> 
     </span>
     <span class='ocr_line' id='line_1_8' title="bbox 292 1307 1296 1409; baseline -0.003 -25"><span class='ocrx_word' id='word_1_50' title='bbox 292 1329 333 1388; x_wconf 81' lang='lat' dir='ltr'>to</span> <span class='ocrx_word' id='word_1_51' title='bbox 347 1313 401 1409; x_wconf 84' lang='lat'>(2)</span> <span class='ocrx_word' id='word_1_52' title='bbox 416 1311 463 1384; x_wconf 89' lang='lat' dir='ltr'>de</span> <span class='ocrx_word' id='word_1_53' title='bbox 482 1311 610 1409; x_wconf 90' lang='lat' dir='ltr'>pulsus</span> <span class='ocrx_word' id='word_1_54' title='bbox 625 1307 872 1404; x_wconf 85' lang='lat' dir='ltr'>inaequahtate</span> <span class='ocrx_word' id='word_1_55' title='bbox 882 1309 921 1377; x_wconf 92' lang='lat' dir='ltr'>in</span> <span class='ocrx_word' id='word_1_56' title='bbox 934 1308 1036 1394; x_wconf 90' lang='lat' dir='ltr'>viro,</span> <span class='ocrx_word' id='word_1_57' title='bbox 1051 1311 1112 1380; x_wconf 86' lang='lat' dir='ltr'>cui</span> <span class='ocrx_word' id='word_1_58' title='bbox 1120 1317 1296 1408; x_wconf 80' lang='lat' dir='ltr'>pericar-</span> 
     </span>
     <span class='ocr_line' id='line_1_9' title="bbox 292 1424 1297 1528; baseline -0.004 -24"><span class='ocrx_word' id='word_1_59' title='bbox 292 1431 396 1504; x_wconf 79' lang='lat' dir='ltr'>dium</span> <span class='ocrx_word' id='word_1_60' title='bbox 419 1426 552 1499; x_wconf 80' lang='lat' dir='ltr'>medice</span> <span class='ocrx_word' id='word_1_61' title='bbox 571 1424 693 1497; x_wconf 78' lang='lat' dir='ltr'>cordis</span> <span class='ocrx_word' id='word_1_62' title='bbox 716 1431 870 1522; x_wconf 81' lang='lat' dir='ltr'>regioni,</span> <span class='ocrx_word' id='word_1_63' title='bbox 895 1441 933 1496; x_wconf 85' lang='lat' dir='ltr'>et</span> <span class='ocrx_word' id='word_1_64' title='bbox 955 1425 1104 1522; x_wconf 82' lang='lat' dir='ltr'>quidem</span> <span class='ocrx_word' id='word_1_65' title='bbox 1122 1427 1297 1528; x_wconf 78' lang='lat' dir='ltr'>ndt&#39;posoe</span> 
     </span>
     <span class='ocr_line' id='line_1_10' title="bbox 295 1541 1298 1645; baseline 0 -25"><span class='ocrx_word' id='word_1_66' title='bbox 295 1550 374 1645; x_wconf 82' lang='lat' dir='ltr'>ejus</span> <span class='ocrx_word' id='word_1_67' title='bbox 399 1548 633 1632; x_wconf 67' lang='lat' dir='ltr'>substantiae,</span> <span class='ocrx_word' id='word_1_68' title='bbox 668 1557 710 1614; x_wconf 92' lang='lat' dir='ltr'>ut</span> <span class='ocrx_word' id='word_1_69' title='bbox 731 1541 987 1642; x_wconf 87' lang='lat' dir='ltr'>superioribus</span> <span class='ocrx_word' id='word_1_70' title='bbox 1015 1545 1126 1616; x_wconf 85' lang='lat' dir='ltr'>etiam</span> <span class='ocrx_word' id='word_1_71' title='bbox 1166 1547 1298 1620; x_wconf 88' lang='lat' dir='ltr'>litteris</span> 
     </span>
     <span class='ocr_line' id='line_1_11' title="bbox 295 1660 1297 1761; baseline 0 -25"><span class='ocrx_word' id='word_1_72' title='bbox 295 1663 389 1753; x_wconf 84' lang='lat' dir='ltr'>dixi,</span> <span class='ocrx_word' id='word_1_73' title='bbox 401 1687 476 1761; x_wconf 88' lang='lat' dir='ltr'>per</span> <span class='ocrx_word' id='word_1_74' title='bbox 486 1662 650 1758; x_wconf 84' lang='lat' dir='ltr'>fibrosos</span> <span class='ocrx_word' id='word_1_75' title='bbox 667 1683 784 1731; x_wconf 76' lang='lat' dir='ltr'>nexus</span> <span class='ocrx_word' id='word_1_76' title='bbox 800 1660 1085 1733; x_wconf 79' lang='lat' dir='ltr'>adkoereseebat.</span> <span class='ocrx_word' id='word_1_77' title='bbox 1101 1667 1179 1735; x_wconf 86' lang='lat' dir='ltr'>llas</span> <span class='ocrx_word' id='word_1_78' title='bbox 1196 1666 1297 1735; x_wconf 89' lang='lat' dir='ltr'>enim</span> 
     </span>
     <span class='ocr_line' id='line_1_12' title="bbox 295 1773 1297 1878; baseline 0 -27"><span class='ocrx_word' id='word_1_79' title='bbox 295 1779 525 1877; x_wconf 84' lang='lat' dir='ltr'>alligationes</span> <span class='ocrx_word' id='word_1_80' title='bbox 543 1799 674 1848; x_wconf 90' lang='lat' dir='ltr'>omnes</span> <span class='ocrx_word' id='word_1_81' title='bbox 688 1773 799 1848; x_wconf 80' lang='lat' dir='ltr'>luisse</span> <span class='ocrx_word' id='word_1_82' title='bbox 811 1831 821 1865; x_wconf 95' lang='lat'>,</span> <span class='ocrx_word' id='word_1_83' title='bbox 835 1776 994 1867; x_wconf 84' lang='lat' dir='ltr'>diceres,</span> <span class='ocrx_word' id='word_1_84' title='bbox 1012 1778 1174 1851; x_wconf 86' lang='lat' dir='ltr'>laxiores</span> <span class='ocrx_word' id='word_1_85' title='bbox 1184 1804 1297 1878; x_wconf 88' lang='lat' dir='ltr'>quam</span> 
     </span>
     <span class='ocr_line' id='line_1_13' title="bbox 296 1891 1298 1993; baseline 0 -25"><span class='ocrx_word' id='word_1_86' title='bbox 296 1911 340 1968; x_wconf 85' lang='lat' dir='ltr'>ut</span> <span class='ocrx_word' id='word_1_87' title='bbox 351 1895 475 1968; x_wconf 89' lang='lat' dir='ltr'>cordis</span> <span class='ocrx_word' id='word_1_88' title='bbox 485 1907 630 1966; x_wconf 87' lang='lat' dir='ltr'>motum</span> <span class='ocrx_word' id='word_1_89' title='bbox 640 1894 821 1990; x_wconf 88' lang='lat' dir='ltr'>impedire</span> <span class='ocrx_word' id='word_1_90' title='bbox 838 1891 931 1968; x_wconf 90' lang='lat' dir='ltr'>adeo</span> <span class='ocrx_word' id='word_1_91' title='bbox 949 1909 1114 1993; x_wconf 89' lang='lat' dir='ltr'>possent,</span> <span class='ocrx_word' id='word_1_92' title='bbox 1131 1911 1177 1967; x_wconf 93' lang='lat' dir='ltr'>ut</span> <span class='ocrx_word' id='word_1_93' title='bbox 1191 1894 1298 1970; x_wconf 85' lang='lat' dir='ltr'>fieret</span> 
     </span>
     <span class='ocr_line' id='line_1_14' title="bbox 295 2009 1297 2112; baseline -0.002 -26"><span class='ocrx_word' id='word_1_94' title='bbox 295 2011 490 2112; x_wconf 81' lang='lat' dir='ltr'>asphyxia,</span> <span class='ocrx_word' id='word_1_95' title='bbox 506 2013 709 2110; x_wconf 88' lang='lat' dir='ltr'>praesertim</span> <span class='ocrx_word' id='word_1_96' title='bbox 725 2009 869 2082; x_wconf 86' lang='lat' dir='ltr'>eumad</span> <span class='ocrx_word' id='word_1_97' title='bbox 886 2012 966 2107; x_wconf 87' lang='lat' dir='ltr'>ejus</span> <span class='ocrx_word' id='word_1_98' title='bbox 983 2036 1208 2084; x_wconf 87' lang='lat' dir='ltr'>mucronem</span> <span class='ocrx_word' id='word_1_99' title='bbox 1223 2039 1297 2084; x_wconf 91' lang='lat' dir='ltr'>non</span> 
     </span>
     <span class='ocr_line' id='line_1_15' title="bbox 296 2127 1298 2227; baseline -0.001 -23"><span class='ocrx_word' id='word_1_100' title='bbox 296 2133 506 2204; x_wconf 86' lang='lat' dir='ltr'>attinerent.</span> <span class='ocrx_word' id='word_1_101' title='bbox 519 2129 590 2202; x_wconf 86' lang='lat' dir='ltr'>Sed</span> <span class='ocrx_word' id='word_1_102' title='bbox 603 2128 696 2226; x_wconf 90' lang='lat' dir='ltr'>quid</span> <span class='ocrx_word' id='word_1_103' title='bbox 711 2127 756 2200; x_wconf 92' lang='lat' dir='ltr'>ad</span> <span class='ocrx_word' id='word_1_104' title='bbox 773 2127 894 2225; x_wconf 83' lang='lat' dir='ltr'>praecl.</span> <span class='ocrx_word' id='word_1_105' title='bbox 908 2129 1046 2200; x_wconf 81' lang='lat' dir='ltr'>Halleri</span> <span class='ocrx_word' id='word_1_106' title='bbox 1061 2127 1116 2227; x_wconf 85' lang='lat'>(3)</span> <span class='ocrx_word' id='word_1_107' title='bbox 1127 2128 1298 2203; x_wconf 87' lang='lat' dir='ltr'>observa·</span> 
     </span>
     <span class='ocr_line' id='line_1_16' title="bbox 296 2245 1297 2345; baseline -0.003 -25"><span class='ocrx_word' id='word_1_108' title='bbox 296 2249 440 2320; x_wconf 89' lang='lat' dir='ltr'>tionem</span> <span class='ocrx_word' id='word_1_109' title='bbox 457 2245 575 2334; x_wconf 88' lang='lat' dir='ltr'>dices,</span> <span class='ocrx_word' id='word_1_110' title='bbox 593 2248 659 2344; x_wconf 91' lang='lat' dir='ltr'>qui</span> <span class='ocrx_word' id='word_1_111' title='bbox 674 2269 741 2316; x_wconf 85' lang='lat' dir='ltr'>eor</span> <span class='ocrx_word' id='word_1_112' title='bbox 758 2270 839 2317; x_wconf 84' lang='lat' dir='ltr'>enm</span> <span class='ocrx_word' id='word_1_113' title='bbox 849 2245 1067 2344; x_wconf 81' lang='lat' dir='ltr'>pericardio</span> <span class='ocrx_word' id='word_1_114' title='bbox 1088 2254 1238 2320; x_wconf 82' lang='lat' dir='ltr'>carneis</span> <span class='ocrx_word' id='word_1_115' title='bbox 1245 2251 1297 2345; x_wconf 89' lang='lat' dir='ltr'>fi-</span> 
     </span>
     <span class='ocr_line' id='line_1_17' title="bbox 298 2357 1299 2438; baseline -0.001 -2"><span class='ocrx_word' id='word_1_116' title='bbox 298 2367 373 2436; x_wconf 83' lang='lat' dir='ltr'>bris</span> <span class='ocrx_word' id='word_1_117' title='bbox 392 2387 440 2434; x_wconf 77' lang='lat' dir='ltr'>ex</span> <span class='ocrx_word' id='word_1_118' title='bbox 467 2357 642 2434; x_wconf 81' lang='lat' dir='ltr'>mucrone</span> <span class='ocrx_word' id='word_1_119' title='bbox 658 2361 962 2434; x_wconf 81' lang='lat' dir='ltr'>adscendentibus</span> <span class='ocrx_word' id='word_1_120' title='bbox 988 2377 1193 2434; x_wconf 77' lang='lat' dir='ltr'>connatam</span> <span class='ocrx_word' id='word_1_121' title='bbox 1210 2364 1299 2438; x_wconf 87' lang='lat' dir='ltr'>vidit</span> 
     </span>
     <span class='ocr_line' id='line_1_18' title="bbox 297 2475 1299 2576; baseline -0.002 -25"><span class='ocrx_word' id='word_1_122' title='bbox 297 2485 376 2552; x_wconf 82' lang='lat' dir='ltr'>sine</span> <span class='ocrx_word' id='word_1_123' title='bbox 393 2475 488 2567; x_wconf 84' lang='lat' dir='ltr'>ullo,</span> <span class='ocrx_word' id='word_1_124' title='bbox 512 2493 691 2576; x_wconf 82' lang='lat' dir='ltr'>quantum</span> <span class='ocrx_word' id='word_1_125' title='bbox 716 2483 834 2567; x_wconf 81' lang='lat' dir='ltr'>novit,</span> <span class='ocrx_word' id='word_1_126' title='bbox 858 2479 1017 2550; x_wconf 81' lang='lat' dir='ltr'>hominis</span> <span class='ocrx_word' id='word_1_127' title='bbox 1034 2479 1299 2552; x_wconf 81' lang='lat' dir='ltr'>incommodo?</span> 
     </span>
     <span class='ocr_line' id='line_1_19' title="bbox 289 2593 1399 2694; baseline 0.001 -26"><span class='ocrx_word' id='word_1_128' title='bbox 289 2597 407 2668; x_wconf 72' lang='lat' dir='ltr'>&#39;Certe</span> <span class='ocrx_word' id='word_1_129' title='bbox 417 2596 450 2690; x_wconf 92' lang='lat' dir='ltr'>si</span> <span class='ocrx_word' id='word_1_130' title='bbox 467 2593 643 2694; x_wconf 79' lang='lat' dir='ltr'>asphyxia</span> <span class='ocrx_word' id='word_1_131' title='bbox 655 2594 877 2682; x_wconf 87' lang='lat' dir='ltr'>laborasset,</span> <span class='ocrx_word' id='word_1_132' title='bbox 891 2597 1054 2694; x_wconf 84' lang='lat' dir='ltr'>ignorari</span> <span class='ocrx_word' id='word_1_133' title='bbox 1070 2622 1150 2666; x_wconf 92' lang='lat' dir='ltr'>non</span> <span class='ocrx_word' id='word_1_134' title='bbox 1163 2597 1300 2694; x_wconf 89' lang='lat' dir='ltr'>potuis·</span> <span class='ocrx_word' id='word_1_135' title='bbox 1398 2623 1399 2648; x_wconf 60' lang='lat'>¹</span> 
     </span>
     <span class='ocr_line' id='line_1_20' title="bbox 300 2699 1399 2810; baseline -0.001 -23"><span class='ocrx_word' id='word_1_136' title='bbox 300 2727 365 2788; x_wconf 84' lang='lat' dir='ltr'>set.</span> <span class='ocrx_word' id='word_1_137' title='bbox 384 2715 483 2786; x_wconf 85' lang='lat' dir='ltr'>Num</span> <span class='ocrx_word' id='word_1_138' title='bbox 500 2712 598 2784; x_wconf 90' lang='lat' dir='ltr'>hanc</span> <span class='ocrx_word' id='word_1_139' title='bbox 615 2735 768 2809; x_wconf 91' lang='lat' dir='ltr'>quoque</span> <span class='ocrx_word' id='word_1_140' title='bbox 786 2712 888 2785; x_wconf 89' lang='lat' dir='ltr'>dices</span> <span class='ocrx_word' id='word_1_141' title='bbox 909 2712 1162 2810; x_wconf 79' lang='lat' dir='ltr'>alligationem</span> <span class='ocrx_word' id='word_1_142' title='bbox 1181 2715 1300 2786; x_wconf 84' lang='lat' dir='ltr'>laxam</span> <span class='ocrx_word' id='word_1_143' title='bbox 1398 2699 1399 2716; x_wconf 17' lang='grc' dir='ltr'><strong>ἶ</strong></span> 
     </span>
     <span class='ocr_line' id='line_1_21' title="bbox 302 2819 1399 2928; baseline 0 -26"><span class='ocrx_word' id='word_1_144' title='bbox 302 2827 430 2917; x_wconf 79' lang='lat' dir='ltr'>fuisse,</span> <span class='ocrx_word' id='word_1_145' title='bbox 459 2854 571 2928; x_wconf 86' lang='lat' dir='ltr'>quam</span> <span class='ocrx_word' id='word_1_146' title='bbox 591 2827 679 2900; x_wconf 88' lang='lat' dir='ltr'>alibi</span> <span class='ocrx_word' id='word_1_147' title='bbox 701 2828 801 2924; x_wconf 62' lang='grc' dir='ltr'>(ΔΜ</span> <span class='ocrx_word' id='word_1_148' title='bbox 812 2819 858 2900; x_wconf 82' lang='lat' dir='ltr'>de</span> <span class='ocrx_word' id='word_1_149' title='bbox 879 2828 1008 2901; x_wconf 87' lang='lat' dir='ltr'>eadem</span> <span class='ocrx_word' id='word_1_150' title='bbox 1034 2831 1135 2902; x_wconf 90' lang='lat' dir='ltr'>enim</span> <span class='ocrx_word' id='word_1_151' title='bbox 1155 2831 1300 2904; x_wconf 82' lang='lat' dir='ltr'>videtur</span> <span class='ocrx_word' id='word_1_152' title='bbox 1398 2829 1399 2838; x_wconf 72' lang='grc'>’</span> 
     </span>
     <span class='ocr_line' id='line_1_22' title="bbox 304 2945 1301 3046; baseline 0.002 -26"><span class='ocrx_word' id='word_1_153' title='bbox 304 2948 408 3046; x_wconf 90' lang='lat' dir='ltr'>loqui</span> <span class='ocrx_word' id='word_1_154' title='bbox 416 2947 442 3044; x_wconf 91' lang='lat'>,)</span> <span class='ocrx_word' id='word_1_155' title='bbox 440 2949 548 3039; x_wconf 80' lang='lat' dir='ltr'>freni</span> <span class='ocrx_word' id='word_1_156' title='bbox 563 2951 681 3016; x_wconf 78' lang='lat' dir='ltr'>instar</span> <span class='ocrx_word' id='word_1_157' title='bbox 689 2951 889 3018; x_wconf 83' lang='lat' dir='ltr'>coercuisse</span> <span class='ocrx_word' id='word_1_158' title='bbox 903 2945 995 3016; x_wconf 85' lang='lat' dir='ltr'>dixit</span> <span class='ocrx_word' id='word_1_159' title='bbox 1005 2962 1211 3022; x_wconf 79' lang='lat' dir='ltr'>extremum</span> <span class='ocrx_word' id='word_1_160' title='bbox 1222 2975 1301 3022; x_wconf 87' lang='lat' dir='ltr'>mu·</span> 
     </span>
     <span class='ocr_line' id='line_1_23' title="bbox 303 3059 1301 3138; baseline 0.001 -1"><span class='ocrx_word' id='word_1_161' title='bbox 303 3065 480 3138; x_wconf 75' lang='lat' dir='ltr'>eroneml.</span> <span class='ocrx_word' id='word_1_162' title='bbox 491 3067 559 3134; x_wconf 84' lang='lat' dir='ltr'>Fac</span> <span class='ocrx_word' id='word_1_163' title='bbox 576 3076 701 3134; x_wconf 88' lang='lat' dir='ltr'>tamen</span> <span class='ocrx_word' id='word_1_164' title='bbox 718 3059 829 3134; x_wconf 87' lang='lat' dir='ltr'>luisse</span> <span class='ocrx_word' id='word_1_165' title='bbox 847 3063 977 3134; x_wconf 83' lang='lat' dir='ltr'>laxam.</span> <span class='ocrx_word' id='word_1_166' title='bbox 1000 3067 1099 3134; x_wconf 85' lang='lat' dir='ltr'>Num</span> <span class='ocrx_word' id='word_1_167' title='bbox 1122 3064 1204 3136; x_wconf 82' lang='lat' dir='ltr'>laxa</span> <span class='ocrx_word' id='word_1_168' title='bbox 1224 3082 1301 3138; x_wconf 87' lang='lat' dir='ltr'>erat</span> 
     </span>
     <span class='ocr_line' id='line_1_24' title="bbox 304 3177 1301 3278; baseline 0.002 -26"><span class='ocrx_word' id='word_1_169' title='bbox 304 3183 345 3252; x_wconf 90' lang='lat' dir='ltr'>in</span> <span class='ocrx_word' id='word_1_170' title='bbox 363 3195 420 3252; x_wconf 92' lang='lat' dir='ltr'>tot</span> <span class='ocrx_word' id='word_1_171' title='bbox 444 3179 515 3252; x_wconf 90' lang='lat' dir='ltr'>illis</span> <span class='ocrx_word' id='word_1_172' title='bbox 541 3177 864 3252; x_wconf 87' lang='lat' dir='ltr'>observationibus</span> <span class='ocrx_word' id='word_1_173' title='bbox 889 3203 969 3277; x_wconf 85' lang='lat' dir='ltr'>quae</span> <span class='ocrx_word' id='word_1_174' title='bbox 989 3182 1183 3278; x_wconf 89' lang='lat' dir='ltr'>superiore</span> <span class='ocrx_word' id='word_1_175' title='bbox 1216 3198 1301 3256; x_wconf 89' lang='lat' dir='ltr'>sunt</span> 
     </span>
     <span class='ocr_line' id='line_1_25' title="bbox 307 3293 1301 3398; baseline 0.006 -30"><span class='ocrx_word' id='word_1_176' title='bbox 307 3293 524 3394; x_wconf 83' lang='lat' dir='ltr'>epistola(5)</span> <span class='ocrx_word' id='word_1_177' title='bbox 540 3309 836 3368; x_wconf 75' lang='lat' dir='ltr'>commemoratae</span> <span class='ocrx_word' id='word_1_178' title='bbox 846 3295 912 3366; x_wconf 86' lang='lat' dir='ltr'>?In</span> <span class='ocrx_word' id='word_1_179' title='bbox 926 3296 999 3367; x_wconf 89' lang='lat' dir='ltr'>illis</span> <span class='ocrx_word' id='word_1_180' title='bbox 1013 3312 1113 3376; x_wconf 87' lang='lat' dir='ltr'>certe</span> <span class='ocrx_word' id='word_1_181' title='bbox 1127 3313 1229 3371; x_wconf 89' lang='lat' dir='ltr'>arcte</span> <span class='ocrx_word' id='word_1_182' title='bbox 1240 3325 1301 3398; x_wconf 87' lang='lat' dir='ltr'>pe-</span> 
     </span>
    </p>
   </div>
   <div class='ocr_carea' id='block_1_3' title="bbox 350 3609 1199 3789">
    <p class='ocr_par' dir='ltr' id='par_1_3' title="bbox 350 3609 1199 3789">
     <span class='ocr_line' id='line_1_26' title="bbox 350 3609 1199 3692; baseline 0.005 -24"><span class='ocrx_word' id='word_1_183' title='bbox 350 3609 395 3689; x_wconf 84' lang='lat'>(1)</span> <span class='ocrx_word' id='word_1_184' title='bbox 415 3611 581 3668; x_wconf 88' lang='lat' dir='ltr'>Comment.</span> <span class='ocrx_word' id='word_1_185' title='bbox 595 3609 633 3667; x_wconf 87' lang='lat' dir='ltr'>de</span> <span class='ocrx_word' id='word_1_186' title='bbox 644 3611 757 3667; x_wconf 87' lang='lat' dir='ltr'>Bonon.</span> <span class='ocrx_word' id='word_1_187' title='bbox 770 3611 818 3668; x_wconf 89' lang='lat' dir='ltr'>Sc.</span> <span class='ocrx_word' id='word_1_188' title='bbox 832 3611 924 3667; x_wconf 81' lang='lat' dir='ltr'>Acad.</span> <span class='ocrx_word' id='word_1_189' title='bbox 939 3622 1010 3667; x_wconf 90' lang='lat' dir='ltr'>tom.</span> <span class='ocrx_word' id='word_1_190' title='bbox 1026 3632 1040 3669; x_wconf 92' lang='lat'>1</span> <span class='ocrx_word' id='word_1_191' title='bbox 1056 3613 1199 3692; x_wconf 79' lang='lat' dir='ltr'>inopuse.</span> 
     </span>
     <span class='ocr_line' id='line_1_27' title="bbox 380 3707 948 3789; baseline -0.005 -21"><span class='ocrx_word' id='word_1_192' title='bbox 380 3710 392 3789; x_wconf 91' lang='lat'>)</span> <span class='ocrx_word' id='word_1_193' title='bbox 411 3711 446 3768; x_wconf 88' lang='lat' dir='ltr'>L.</span> <span class='ocrx_word' id='word_1_194' title='bbox 465 3729 498 3781; x_wconf 78' lang='lat' dir='ltr'>a,</span> <span class='ocrx_word' id='word_1_195' title='bbox 514 3727 581 3766; x_wconf 76' lang='lat' dir='ltr'>sect.</span> <span class='ocrx_word' id='word_1_196' title='bbox 601 3729 633 3780; x_wconf 92' lang='lat'>1,</span> <span class='ocrx_word' id='word_1_197' title='bbox 651 3709 683 3766; x_wconf 86' lang='lat' dir='ltr'>in</span> <span class='ocrx_word' id='word_1_198' title='bbox 698 3711 791 3766; x_wconf 83' lang='lat' dir='ltr'>addit.</span> <span class='ocrx_word' id='word_1_199' title='bbox 808 3711 874 3766; x_wconf 86' lang='lat' dir='ltr'>obs.</span> <span class='ocrx_word' id='word_1_200' title='bbox 888 3707 948 3768; x_wconf 61' lang='lat'>32:</span> 
     </span>
    </p>
   </div>
   <div class='ocr_carea' id='block_1_4' title="bbox 362 3729 1088 3886">
    <p class='ocr_par' dir='ltr' id='par_1_4' title="bbox 362 3729 1088 3886">
     <span class='ocr_line' id='line_1_28' title="bbox 362 3729 378 3767; baseline 0 0"><span class='ocrx_word' id='word_1_201' title='bbox 362 3729 378 3767; x_wconf 81' lang='lat' dir='ltr'>a</span> 
     </span>
     <span class='ocr_line' id='line_1_29' title="bbox 363 3810 1088 3886; baseline -0.003 -18"><span class='ocrx_word' id='word_1_202' title='bbox 363 3813 379 3868; x_wconf 82' lang='lat'>3</span> <span class='ocrx_word' id='word_1_203' title='bbox 413 3811 537 3868; x_wconf 84' lang='lat' dir='ltr'>Dissert.</span> <span class='ocrx_word' id='word_1_204' title='bbox 551 3811 678 3868; x_wconf 73' lang='lat' dir='ltr'>derasis</span> <span class='ocrx_word' id='word_1_205' title='bbox 692 3812 774 3868; x_wconf 85' lang='lat' dir='ltr'>cord.</span> <span class='ocrx_word' id='word_1_206' title='bbox 786 3829 890 3886; x_wconf 88' lang='lat' dir='ltr'>propr.</span> <span class='ocrx_word' id='word_1_207' title='bbox 899 3821 961 3867; x_wconf 87' lang='lat' dir='ltr'>not.</span> <span class='ocrx_word' id='word_1_208' title='bbox 975 3810 1088 3870; x_wconf 79' lang='lat' dir='ltr'>ultima.</span> 
     </span>
    </p>
   </div>
   <div class='ocr_carea' id='block_1_5' title="bbox 346 3811 1015 4088">
    <p class='ocr_par' dir='ltr' id='par_1_5' title="bbox 346 3811 1015 4088">
     <span class='ocr_line' id='line_1_30' title="bbox 346 3811 960 3990; baseline -0.011 -17"><span class='ocrx_word' id='word_1_209' title='bbox 346 3811 390 3990; x_wconf 68' lang='lat' dir='ltr'>il)</span> <span class='ocrx_word' id='word_1_210' title='bbox 411 3912 460 3970; x_wconf 74' lang='lat' dir='ltr'>td</span> <span class='ocrx_word' id='word_1_211' title='bbox 470 3911 574 3970; x_wconf 88' lang='lat' dir='ltr'>Boerh.</span> <span class='ocrx_word' id='word_1_212' title='bbox 586 3913 714 3986; x_wconf 81' lang='lat' dir='ltr'>praelect.</span> <span class='ocrx_word' id='word_1_213' title='bbox 733 3915 748 3981; x_wconf 77' lang='lat' dir='ltr'>S</span> <span class='ocrx_word' id='word_1_214' title='bbox 764 3911 833 3986; x_wconf 75' lang='lat'>182,</span> <span class='ocrx_word' id='word_1_215' title='bbox 845 3922 910 3972; x_wconf 86' lang='lat' dir='ltr'>not.</span> <span class='ocrx_word' id='word_1_216' title='bbox 922 3929 960 3968; x_wconf 87' lang='lat' dir='ltr'>m.</span> 
     </span>
     <span class='ocr_line' id='line_1_31' title="bbox 350 4009 1015 4088; baseline -0.032 -15"><span class='ocrx_word' id='word_1_217' title='bbox 350 4009 395 4088; x_wconf 78' lang='lat'>(5)</span> <span class='ocrx_word' id='word_1_218' title='bbox 416 4013 454 4070; x_wconf 89' lang='lat' dir='ltr'>N.</span> <span class='ocrx_word' id='word_1_219' title='bbox 476 4030 508 4082; x_wconf 87' lang='lat'>17</span> <span class='ocrx_word' id='word_1_220' title='bbox 527 4024 631 4086; x_wconf 80' lang='lat' dir='ltr'>etseq.</span> <span class='ocrx_word' id='word_1_221' title='bbox 1013 4015 1015 4024; x_wconf 70' lang='grc'>’</span> 
     </span>
    </p>
   </div>
   <div class='ocr_carea' id='block_1_6' title="bbox 0 0 1429 4660">
    <p class='ocr_par' dir='ltr' id='par_1_6' title="bbox 0 0 1429 4660">
     <span class='ocr_line' id='line_1_32' title="bbox 0 0 1429 4660; baseline 0 0"><span class='ocrx_word' id='word_1_222' title='bbox 0 0 1429 4660; x_wconf 95' lang='lat' dir='ltr'> </span> 
     </span>
    </p>
   </div>
  </div>
 </body>
</html>
