<?xml version="1.0" encoding="UTF-8"?>
<!DOCTYPE html PUBLIC "-//W3C//DTD XHTML 1.0 Transitional//EN"
    "http://www.w3.org/TR/xhtml1/DTD/xhtml1-transitional.dtd">
<html xmlns="http://www.w3.org/1999/xhtml" xml:lang="en" lang="en">
 <head>
  <title>
</title>
<meta http-equiv="Content-Type" content="text/html;charset=utf-8" />
  <meta name='ocr-system' content='tesseract 3.04.00' />
  <meta name='ocr-capabilities' content='ocr_page ocr_carea ocr_par ocr_line ocrx_word'/>
</head>
<body>
  <div class='ocr_page' id='page_1' title='image "./desedibusetcaus01adelgoog_0179.png"; bbox 0 0 2800 4674; ppageno 0'>
   <div class='ocr_carea' id='block_1_1' title="bbox 267 473 1102 548">
    <p class='ocr_par' dir='ltr' id='par_1_1' title="bbox 267 473 1102 548">
     <span class='ocr_line' id='line_1_1' title="bbox 267 473 1102 548; baseline -0.005 0"><span class='ocrx_word' id='word_1_1' title='bbox 267 473 332 548; x_wconf 83' lang='lat' dir='ltr'><strong>r82</strong></span> <span class='ocrx_word' id='word_1_2' title='bbox 428 497 474 544; x_wconf 81' lang='lat' dir='ltr'><strong>nr</strong></span> <span class='ocrx_word' id='word_1_3' title='bbox 501 493 646 544; x_wconf 85' lang='lat' dir='ltr'><strong>srnmus</strong></span> <span class='ocrx_word' id='word_1_4' title='bbox 671 497 715 543; x_wconf 84' lang='lat' dir='ltr'><strong>rr</strong></span> <span class='ocrx_word' id='word_1_5' title='bbox 741 493 865 545; x_wconf 79' lang='lat' dir='ltr'><strong>cauus</strong></span> <span class='ocrx_word' id='word_1_6' title='bbox 890 489 1102 545; x_wconf 77' lang='lat' dir='ltr'><strong>uoaroanrr</strong></span> 
     </span>
    </p>
   </div>
   <div class='ocr_carea' id='block_1_2' title="bbox 262 609 1267 710">
    <p class='ocr_par' dir='ltr' id='par_1_2' title="bbox 262 609 1267 710">
     <span class='ocr_line' id='line_1_2' title="bbox 262 609 1267 710; baseline -0.001 -26"><span class='ocrx_word' id='word_1_7' title='bbox 262 634 333 684; x_wconf 91' lang='lat' dir='ltr'><strong>nec</strong></span> <span class='ocrx_word' id='word_1_8' title='bbox 357 609 513 682; x_wconf 85' lang='lat' dir='ltr'><strong>deerant</strong></span> <span class='ocrx_word' id='word_1_9' title='bbox 532 626 657 680; x_wconf 89' lang='lat' dir='ltr'><strong>tamen</strong></span> <span class='ocrx_word' id='word_1_10' title='bbox 678 611 766 698; x_wconf 87' lang='lat' dir='ltr'><strong>alia,</strong></span> <span class='ocrx_word' id='word_1_11' title='bbox 792 609 842 682; x_wconf 93' lang='lat' dir='ltr'><strong>ob</strong></span> <span class='ocrx_word' id='word_1_12' title='bbox 868 637 951 707; x_wconf 77' lang='lat' dir='ltr'><strong>quae</strong></span> <span class='ocrx_word' id='word_1_13' title='bbox 965 611 1139 683; x_wconf 89' lang='lat' dir='ltr'><strong>nondum</strong></span> <span class='ocrx_word' id='word_1_14' title='bbox 1164 631 1267 710; x_wconf 86' lang='lat' dir='ltr'><strong>spem</strong></span> 
     </span>
    </p>
   </div>
   <div class='ocr_carea' id='block_1_3' title="bbox 263 726 1381 826">
    <p class='ocr_par' dir='ltr' id='par_1_3' title="bbox 263 726 1381 826">
     <span class='ocr_line' id='line_1_3' title="bbox 263 726 1381 826; baseline -0.003 -24"><span class='ocrx_word' id='word_1_15' title='bbox 263 729 511 826; x_wconf 87' lang='lat' dir='ltr'><strong>abjiciendam</strong></span> <span class='ocrx_word' id='word_1_16' title='bbox 532 753 740 814; x_wconf 85' lang='lat' dir='ltr'><strong>censerem,</strong></span> <span class='ocrx_word' id='word_1_17' title='bbox 761 726 877 800; x_wconf 84' lang='lat' dir='ltr'><strong>facilis</strong></span> <span class='ocrx_word' id='word_1_18' title='bbox 890 743 1005 801; x_wconf 91' lang='lat' dir='ltr'><strong>noctu</strong></span> <span class='ocrx_word' id='word_1_19' title='bbox 1028 755 1198 818; x_wconf 88' lang='lat' dir='ltr'>somnus,</span> <span class='ocrx_word' id='word_1_20' title='bbox 1218 728 1271 799; x_wconf 80' lang='lat' dir='ltr'><strong>fa·</strong></span> <span class='ocrx_word' id='word_1_21' title='bbox 1380 745 1381 780; x_wconf 45' lang='lat' dir='ltr'><strong>ff</strong></span> 
     </span>
    </p>
   </div>
   <div class='ocr_carea' id='block_1_4' title="bbox 182 846 1276 1769">
    <p class='ocr_par' dir='ltr' id='par_1_4' title="bbox 182 846 1276 1769">
     <span class='ocr_line' id='line_1_4' title="bbox 265 846 1271 946; baseline -0.003 -24"><span class='ocrx_word' id='word_1_22' title='bbox 265 849 345 922; x_wconf 90' lang='lat' dir='ltr'><strong>cilis</strong></span> <span class='ocrx_word' id='word_1_23' title='bbox 364 847 563 920; x_wconf 91' lang='lat' dir='ltr'><strong>decubitus</strong></span> <span class='ocrx_word' id='word_1_24' title='bbox 579 849 616 918; x_wconf 90' lang='lat' dir='ltr'><strong>in</strong></span> <span class='ocrx_word' id='word_1_25' title='bbox 639 863 766 918; x_wconf 90' lang='lat' dir='ltr'><strong>utrum</strong></span> <span class='ocrx_word' id='word_1_26' title='bbox 790 846 922 920; x_wconf 91' lang='lat' dir='ltr'><strong>liberet</strong></span> <span class='ocrx_word' id='word_1_27' title='bbox 946 849 1059 937; x_wconf 89' lang='lat' dir='ltr'><strong>latus,</strong></span> <span class='ocrx_word' id='word_1_28' title='bbox 1083 849 1271 946; x_wconf 89' lang='lat' dir='ltr'><strong>appetitus</strong></span> 
     </span>
     <span class='ocr_line' id='line_1_5' title="bbox 201 963 1271 1064; baseline -0.004 -26"><span class='ocrx_word' id='word_1_29' title='bbox 201 1045 203 1052; x_wconf 23' lang='lat'><strong>¹</strong></span> <span class='ocrx_word' id='word_1_30' title='bbox 264 966 438 1039; x_wconf 90' lang='lat' dir='ltr'><strong>ciborum</strong></span> <span class='ocrx_word' id='word_1_31' title='bbox 454 990 545 1040; x_wconf 66' lang='lat' dir='ltr'><strong>,non</strong></span> <span class='ocrx_word' id='word_1_32' title='bbox 574 964 757 1060; x_wconf 88' lang='lat' dir='ltr'><strong>dejectus,</strong></span> <span class='ocrx_word' id='word_1_33' title='bbox 781 967 935 1036; x_wconf 87' lang='lat' dir='ltr'><strong>minime</strong></span> <span class='ocrx_word' id='word_1_34' title='bbox 962 981 1048 1064; x_wconf 93' lang='lat' dir='ltr'><strong>post</strong></span> <span class='ocrx_word' id='word_1_35' title='bbox 1066 963 1138 1037; x_wconf 92' lang='lat' dir='ltr'><strong>hos</strong></span> <span class='ocrx_word' id='word_1_36' title='bbox 1163 979 1271 1035; x_wconf 90' lang='lat' dir='ltr'><strong>aucta</strong></span> 
     </span>
     <span class='ocr_line' id='line_1_6' title="bbox 182 1078 1271 1184; baseline -0.004 -29"><span class='ocrx_word' id='word_1_37' title='bbox 182 1087 184 1092; x_wconf 73' lang='grc'>’</span> <span class='ocrx_word' id='word_1_38' title='bbox 264 1085 444 1184; x_wconf 86' lang='lat' dir='ltr'><strong>pulsuum</strong></span> <span class='ocrx_word' id='word_1_39' title='bbox 462 1078 694 1179; x_wconf 85' lang='lat' dir='ltr'><strong>frequentia,</strong></span> <span class='ocrx_word' id='word_1_40' title='bbox 715 1083 840 1153; x_wconf 91' lang='lat' dir='ltr'><strong>nullus</strong></span> <span class='ocrx_word' id='word_1_41' title='bbox 858 1084 897 1152; x_wconf 94' lang='lat' dir='ltr'><strong>in</strong></span> <span class='ocrx_word' id='word_1_42' title='bbox 916 1085 1035 1180; x_wconf 92' lang='lat' dir='ltr'><strong>sputis</strong></span> <span class='ocrx_word' id='word_1_43' title='bbox 1052 1081 1168 1170; x_wconf 80' lang='lat' dir='ltr'><strong>fetor,</strong></span> <span class='ocrx_word' id='word_1_44' title='bbox 1184 1082 1271 1152; x_wconf 92' lang='lat' dir='ltr'><strong>nul-</strong></span> 
     </span>
     <span class='ocr_line' id='line_1_7' title="bbox 265 1199 1269 1300; baseline -0.005 -26"><span class='ocrx_word' id='word_1_45' title='bbox 265 1203 325 1274; x_wconf 92' lang='lat' dir='ltr'><strong>lus</strong></span> <span class='ocrx_word' id='word_1_46' title='bbox 349 1203 388 1270; x_wconf 92' lang='lat' dir='ltr'><strong>in</strong></span> <span class='ocrx_word' id='word_1_47' title='bbox 405 1199 558 1273; x_wconf 84' lang='lat' dir='ltr'><strong>thorace</strong></span> <span class='ocrx_word' id='word_1_48' title='bbox 581 1200 760 1300; x_wconf 90' lang='lat' dir='ltr'><strong>ponderis</strong></span> <span class='ocrx_word' id='word_1_49' title='bbox 781 1225 928 1291; x_wconf 91' lang='lat' dir='ltr'><strong>sensus,</strong></span> <span class='ocrx_word' id='word_1_50' title='bbox 947 1202 1052 1273; x_wconf 86' lang='lat' dir='ltr'><strong>nulla</strong></span> <span class='ocrx_word' id='word_1_51' title='bbox 1070 1201 1269 1273; x_wconf 85' lang='lat' dir='ltr'><strong>anhelatio.</strong></span> 
     </span>
     <span class='ocr_line' id='line_1_8' title="bbox 262 1314 1273 1418; baseline 0 -28"><span class='ocrx_word' id='word_1_52' title='bbox 262 1323 311 1390; x_wconf 85' lang='lat' dir='ltr'><strong>Et</strong></span> <span class='ocrx_word' id='word_1_53' title='bbox 330 1343 546 1416; x_wconf 88' lang='lat' dir='ltr'><strong>quanquam</strong></span> <span class='ocrx_word' id='word_1_54' title='bbox 565 1318 643 1390; x_wconf 76' lang='lat' dir='ltr'><strong>haec</strong></span> <span class='ocrx_word' id='word_1_55' title='bbox 661 1318 708 1389; x_wconf 91' lang='lat' dir='ltr'><strong>ad</strong></span> <span class='ocrx_word' id='word_1_56' title='bbox 727 1343 788 1388; x_wconf 91' lang='lat' dir='ltr'><strong>me</strong></span> <span class='ocrx_word' id='word_1_57' title='bbox 807 1319 934 1390; x_wconf 89' lang='lat' dir='ltr'><strong>omnia</strong></span> <span class='ocrx_word' id='word_1_58' title='bbox 952 1321 1013 1389; x_wconf 83' lang='lat' dir='ltr'><strong>vix</strong></span> <span class='ocrx_word' id='word_1_59' title='bbox 1033 1320 1172 1418; x_wconf 86' lang='lat' dir='ltr'><strong>scripta</strong></span> <span class='ocrx_word' id='word_1_60' title='bbox 1192 1314 1273 1390; x_wconf 92' lang='lat' dir='ltr'><strong>fue-</strong></span> 
     </span>
     <span class='ocr_line' id='line_1_9' title="bbox 264 1434 1275 1534; baseline -0.004 -26"><span class='ocrx_word' id='word_1_61' title='bbox 264 1452 372 1525; x_wconf 84' lang='lat' dir='ltr'><strong>rant,</strong></span> <span class='ocrx_word' id='word_1_62' title='bbox 396 1461 482 1506; x_wconf 92' lang='lat' dir='ltr'><strong>cum</strong></span> <span class='ocrx_word' id='word_1_63' title='bbox 503 1461 617 1534; x_wconf 78' lang='lat' dir='ltr'><strong>ager,</strong></span> <span class='ocrx_word' id='word_1_64' title='bbox 644 1434 834 1534; x_wconf 86' lang='lat' dir='ltr'><strong>profunda</strong></span> <span class='ocrx_word' id='word_1_65' title='bbox 852 1451 1010 1534; x_wconf 81' lang='lat' dir='ltr'><strong>urgente</strong></span> <span class='ocrx_word' id='word_1_66' title='bbox 1027 1437 1138 1524; x_wconf 89' lang='lat' dir='ltr'><strong>tussi,</strong></span> <span class='ocrx_word' id='word_1_67' title='bbox 1165 1448 1275 1532; x_wconf 88' lang='lat' dir='ltr'><strong>sputa</strong></span> 
     </span>
     <span class='ocr_line' id='line_1_10' title="bbox 266 1551 1275 1652; baseline -0.007 -24"><span class='ocrx_word' id='word_1_68' title='bbox 266 1557 537 1652; x_wconf 80' lang='lat' dir='ltr'><strong>expectoravit,</strong></span> <span class='ocrx_word' id='word_1_69' title='bbox 548 1554 673 1650; x_wconf 90' lang='lat' dir='ltr'><strong>qualia</strong></span> <span class='ocrx_word' id='word_1_70' title='bbox 684 1568 1017 1650; x_wconf 87' lang='lat' dir='ltr'><strong>nunquamantea,</strong></span> <span class='ocrx_word' id='word_1_71' title='bbox 1035 1551 1275 1650; x_wconf 77' lang='lat' dir='ltr'><strong>quinqueve!</strong></span> 
     </span>
     <span class='ocr_line' id='line_1_11' title="bbox 267 1671 1276 1769; baseline -0.005 -24"><span class='ocrx_word' id='word_1_72' title='bbox 267 1697 330 1746; x_wconf 88' lang='lat' dir='ltr'><strong>sex</strong></span> <span class='ocrx_word' id='word_1_73' title='bbox 347 1687 520 1758; x_wconf 89' lang='lat' dir='ltr'><strong>cruenta,</strong></span> <span class='ocrx_word' id='word_1_74' title='bbox 545 1687 581 1742; x_wconf 92' lang='lat' dir='ltr'><strong>et</strong></span> <span class='ocrx_word' id='word_1_75' title='bbox 606 1687 806 1769; x_wconf 88' lang='lat' dir='ltr'><strong>corrupta;</strong></span> <span class='ocrx_word' id='word_1_76' title='bbox 833 1697 912 1742; x_wconf 91' lang='lat' dir='ltr'><strong>non</strong></span> <span class='ocrx_word' id='word_1_77' title='bbox 936 1671 1023 1742; x_wconf 93' lang='lat' dir='ltr'><strong>ideo</strong></span> <span class='ocrx_word' id='word_1_78' title='bbox 1049 1672 1276 1744; x_wconf 89' lang='lat' dir='ltr'><strong>sententiam</strong></span> 
     </span>
    </p>
   </div>
   <div class='ocr_carea' id='block_1_5' title="bbox 265 1788 1384 1888">
    <p class='ocr_par' dir='ltr' id='par_1_5' title="bbox 265 1788 1384 1888">
     <span class='ocr_line' id='line_1_12' title="bbox 265 1788 1384 1888; baseline -0.005 -24"><span class='ocrx_word' id='word_1_79' title='bbox 265 1791 638 1888; x_wconf 88' lang='lat' dir='ltr'><strong>mutavi,praesertim</strong></span> <span class='ocrx_word' id='word_1_80' title='bbox 654 1815 740 1861; x_wconf 86' lang='lat' dir='ltr'><strong>cum</strong></span> <span class='ocrx_word' id='word_1_81' title='bbox 757 1791 895 1861; x_wconf 90' lang='lat' dir='ltr'><strong>certior</strong></span> <span class='ocrx_word' id='word_1_82' title='bbox 907 1788 1054 1877; x_wconf 90' lang='lat' dir='ltr'><strong>fierem,</strong></span> <span class='ocrx_word' id='word_1_83' title='bbox 1064 1813 1109 1860; x_wconf 86' lang='lat' dir='ltr'><strong>cx</strong></span> <span class='ocrx_word' id='word_1_84' title='bbox 1122 1815 1202 1886; x_wconf 94' lang='lat' dir='ltr'><strong>quo</strong></span> <span class='ocrx_word' id='word_1_85' title='bbox 1215 1789 1277 1860; x_wconf 88' lang='lat' dir='ltr'><strong>illa</strong></span> <span class='ocrx_word' id='word_1_86' title='bbox 1383 1843 1384 1858; x_wconf 49' lang='lat'><strong>,</strong></span> 
     </span>
    </p>
   </div>
   <div class='ocr_carea' id='block_1_6' title="bbox 266 1907 1278 2704">
    <p class='ocr_par' dir='ltr' id='par_1_6' title="bbox 266 1907 1278 2704">
     <span class='ocr_line' id='line_1_13' title="bbox 267 1907 1276 2006; baseline -0.007 -24"><span class='ocrx_word' id='word_1_87' title='bbox 267 1912 384 2006; x_wconf 85' lang='lat' dir='ltr'><strong>ejecta</strong></span> <span class='ocrx_word' id='word_1_88' title='bbox 404 1908 568 1996; x_wconf 84' lang='lat' dir='ltr'><strong>fuerant,</strong></span> <span class='ocrx_word' id='word_1_89' title='bbox 585 1908 726 1980; x_wconf 87' lang='lat' dir='ltr'><strong>nuliam</strong></span> <span class='ocrx_word' id='word_1_90' title='bbox 745 1923 824 1980; x_wconf 89' lang='lat' dir='ltr'><strong>es&#39;se</strong></span> <span class='ocrx_word' id='word_1_91' title='bbox 844 1907 1005 2006; x_wconf 89' lang='lat' dir='ltr'><strong>amplius</strong></span> <span class='ocrx_word' id='word_1_92' title='bbox 1023 1907 1069 1978; x_wconf 92' lang='lat' dir='ltr'><strong>de</strong></span> <span class='ocrx_word' id='word_1_93' title='bbox 1083 1931 1195 1979; x_wconf 92' lang='lat' dir='ltr'><strong>sensu</strong></span> <span class='ocrx_word' id='word_1_94' title='bbox 1213 1907 1276 1976; x_wconf 87' lang='lat' dir='ltr'><strong>illo</strong></span> 
     </span>
     <span class='ocr_line' id='line_1_14' title="bbox 268 2025 1277 2123; baseline -0.004 -23"><span class='ocrx_word' id='word_1_95' title='bbox 268 2028 404 2100; x_wconf 90' lang='lat' dir='ltr'><strong>caloris</strong></span> <span class='ocrx_word' id='word_1_96' title='bbox 425 2041 461 2099; x_wconf 92' lang='lat' dir='ltr'><strong>et</strong></span> <span class='ocrx_word' id='word_1_97' title='bbox 481 2028 759 2099; x_wconf 86' lang='lat' dir='ltr'><strong>constrictionis</strong></span> <span class='ocrx_word' id='word_1_98' title='bbox 779 2025 982 2123; x_wconf 90' lang='lat' dir='ltr'><strong>querelam.</strong></span> <span class='ocrx_word' id='word_1_99' title='bbox 1005 2029 1136 2121; x_wconf 90' lang='lat' dir='ltr'><strong>Itaque</strong></span> <span class='ocrx_word' id='word_1_100' title='bbox 1152 2039 1194 2096; x_wconf 93' lang='lat' dir='ltr'><strong>ut</strong></span> <span class='ocrx_word' id='word_1_101' title='bbox 1213 2049 1277 2096; x_wconf 83' lang='lat' dir='ltr'><strong>aes-</strong></span> 
     </span>
     <span class='ocr_line' id='line_1_15' title="bbox 266 2142 1277 2241; baseline -0.005 -26"><span class='ocrx_word' id='word_1_102' title='bbox 266 2145 386 2215; x_wconf 88' lang='lat' dir='ltr'><strong>tivum</strong></span> <span class='ocrx_word' id='word_1_103' title='bbox 404 2144 499 2215; x_wconf 89' lang='lat' dir='ltr'><strong>illud</strong></span> <span class='ocrx_word' id='word_1_104' title='bbox 517 2161 683 2241; x_wconf 79' lang='lat' dir='ltr'><strong>tempuS,</strong></span> <span class='ocrx_word' id='word_1_105' title='bbox 702 2158 739 2214; x_wconf 93' lang='lat' dir='ltr'><strong>et</strong></span> <span class='ocrx_word' id='word_1_106' title='bbox 754 2144 863 2213; x_wconf 69' lang='lat' dir='ltr'><strong>variae</strong></span> <span class='ocrx_word' id='word_1_107' title='bbox 878 2142 1003 2213; x_wconf 86' lang='lat' dir='ltr'><strong>morbi</strong></span> <span class='ocrx_word' id='word_1_108' title='bbox 1023 2165 1158 2230; x_wconf 82' lang='lat' dir='ltr'><strong>causae,</strong></span> <span class='ocrx_word' id='word_1_109' title='bbox 1171 2142 1277 2212; x_wconf 88' lang='lat' dir='ltr'><strong>varii·</strong></span> 
     </span>
     <span class='ocr_line' id='line_1_16' title="bbox 268 2259 1278 2358; baseline -0.004 -26"><span class='ocrx_word' id='word_1_110' title='bbox 268 2287 341 2358; x_wconf 91' lang='lat' dir='ltr'><strong>que</strong></span> <span class='ocrx_word' id='word_1_111' title='bbox 363 2259 517 2332; x_wconf 81' lang='lat' dir='ltr'><strong>effectus</strong></span> <span class='ocrx_word' id='word_1_112' title='bbox 532 2260 758 2349; x_wconf 89' lang='lat' dir='ltr'><strong>suadebant,</strong></span> <span class='ocrx_word' id='word_1_113' title='bbox 772 2261 874 2331; x_wconf 90' lang='lat' dir='ltr'><strong>varia</strong></span> <span class='ocrx_word' id='word_1_114' title='bbox 889 2260 1158 2332; x_wconf 89' lang='lat' dir='ltr'><strong>commendare</strong></span> <span class='ocrx_word' id='word_1_115' title='bbox 1178 2260 1278 2330; x_wconf 91' lang='lat' dir='ltr'><strong>insti·</strong></span> 
     </span>
     <span class='ocr_line' id='line_1_17' title="bbox 267 2377 1274 2476; baseline -0.004 -27"><span class='ocrx_word' id='word_1_116' title='bbox 267 2379 323 2449; x_wconf 88' lang='lat' dir='ltr'><strong>tui</strong></span> <span class='ocrx_word' id='word_1_117' title='bbox 346 2379 398 2448; x_wconf 89' lang='lat' dir='ltr'><strong>sic</strong></span> <span class='ocrx_word' id='word_1_118' title='bbox 423 2393 465 2448; x_wconf 89' lang='lat' dir='ltr'><strong>ut</strong></span> <span class='ocrx_word' id='word_1_119' title='bbox 492 2379 650 2450; x_wconf 85' lang='lat' dir='ltr'><strong>alterum</strong></span> <span class='ocrx_word' id='word_1_120' title='bbox 682 2393 807 2476; x_wconf 92' lang='lat' dir='ltr'><strong>posset</strong></span> <span class='ocrx_word' id='word_1_121' title='bbox 838 2379 956 2450; x_wconf 91' lang='lat' dir='ltr'><strong>altero</strong></span> <span class='ocrx_word' id='word_1_122' title='bbox 986 2377 1274 2475; x_wconf 86' lang='lat' dir='ltr'><strong>contemperari.</strong></span> 
     </span>
     <span class='ocr_line' id='line_1_18' title="bbox 268 2495 1278 2598; baseline -0.002 -32"><span class='ocrx_word' id='word_1_123' title='bbox 268 2499 355 2566; x_wconf 89' lang='lat' dir='ltr'><strong>Non</strong></span> <span class='ocrx_word' id='word_1_124' title='bbox 370 2510 424 2566; x_wconf 90' lang='lat' dir='ltr'><strong>est</strong></span> <span class='ocrx_word' id='word_1_125' title='bbox 436 2520 532 2593; x_wconf 93' lang='lat' dir='ltr'><strong>opus</strong></span> <span class='ocrx_word' id='word_1_126' title='bbox 552 2495 613 2568; x_wconf 93' lang='lat' dir='ltr'><strong>hic</strong></span> <span class='ocrx_word' id='word_1_127' title='bbox 626 2497 778 2598; x_wconf 84' lang='lat' dir='ltr'><strong>omnia,</strong></span> <span class='ocrx_word' id='word_1_128' title='bbox 798 2511 835 2567; x_wconf 91' lang='lat' dir='ltr'><strong>et</strong></span> <span class='ocrx_word' id='word_1_129' title='bbox 850 2521 932 2592; x_wconf 85' lang='lat' dir='ltr'><strong>quae</strong></span> <span class='ocrx_word' id='word_1_130' title='bbox 952 2495 1022 2566; x_wconf 89' lang='lat' dir='ltr'><strong>alia</strong></span> <span class='ocrx_word' id='word_1_131' title='bbox 1039 2495 1137 2583; x_wconf 90' lang='lat' dir='ltr'><strong>aliis,</strong></span> <span class='ocrx_word' id='word_1_132' title='bbox 1158 2496 1188 2566; x_wconf 90' lang='lat' dir='ltr'><strong>si</strong></span> <span class='ocrx_word' id='word_1_133' title='bbox 1204 2519 1278 2591; x_wconf 92' lang='lat' dir='ltr'><strong>qua</strong></span> 
     </span>
     <span class='ocr_line' id='line_1_19' title="bbox 270 2609 1276 2704; baseline -0.001 -23"><span class='ocrx_word' id='word_1_134' title='bbox 270 2609 366 2683; x_wconf 82' lang='lat' dir='ltr'><strong>forte</strong></span> <span class='ocrx_word' id='word_1_135' title='bbox 377 2637 453 2683; x_wconf 91' lang='lat' dir='ltr'><strong>non</strong></span> <span class='ocrx_word' id='word_1_136' title='bbox 465 2611 669 2704; x_wconf 83' lang='lat' dir='ltr'><strong>ferrentur,</strong></span> <span class='ocrx_word' id='word_1_137' title='bbox 684 2614 968 2702; x_wconf 89' lang='lat' dir='ltr'><strong>substitueram,</strong></span> <span class='ocrx_word' id='word_1_138' title='bbox 980 2612 1049 2684; x_wconf 91' lang='lat' dir='ltr'><strong>tibi</strong></span> <span class='ocrx_word' id='word_1_139' title='bbox 1065 2637 1276 2684; x_wconf 89' lang='lat' dir='ltr'><strong>recensere:</strong></span> 
     </span>
    </p>
   </div>
   <div class='ocr_carea' id='block_1_7' title="bbox 270 2726 1386 2828">
    <p class='ocr_par' dir='ltr' id='par_1_7' title="bbox 270 2726 1386 2828">
     <span class='ocr_line' id='line_1_20' title="bbox 270 2726 1386 2828; baseline -0.004 -27"><span class='ocrx_word' id='word_1_140' title='bbox 270 2731 357 2802; x_wconf 90' lang='lat' dir='ltr'><strong>satis</strong></span> <span class='ocrx_word' id='word_1_141' title='bbox 376 2744 431 2802; x_wconf 90' lang='lat' dir='ltr'><strong>est</strong></span> <span class='ocrx_word' id='word_1_142' title='bbox 452 2755 534 2828; x_wconf 82' lang='lat' dir='ltr'><strong>quae</strong></span> <span class='ocrx_word' id='word_1_143' title='bbox 556 2757 600 2802; x_wconf 86' lang='lat' dir='ltr'><strong>ex</strong></span> <span class='ocrx_word' id='word_1_144' title='bbox 617 2732 689 2804; x_wconf 90' lang='lat' dir='ltr'><strong>illis</strong></span> <span class='ocrx_word' id='word_1_145' title='bbox 710 2732 947 2828; x_wconf 90' lang='lat' dir='ltr'><strong>potissimum</strong></span> <span class='ocrx_word' id='word_1_146' title='bbox 968 2732 1007 2801; x_wconf 91' lang='lat' dir='ltr'><strong>in</strong></span> <span class='ocrx_word' id='word_1_147' title='bbox 1029 2755 1100 2802; x_wconf 90' lang='lat' dir='ltr'><strong>usu</strong></span> <span class='ocrx_word' id='word_1_148' title='bbox 1122 2726 1277 2817; x_wconf 84' lang='lat' dir='ltr'><strong>fuerint,</strong></span> <span class='ocrx_word' id='word_1_149' title='bbox 1385 2759 1386 2764; x_wconf 42' lang='lat'>¹</span> 
     </span>
    </p>
   </div>
   <div class='ocr_carea' id='block_1_8' title="bbox 268 2847 1278 2946">
    <p class='ocr_par' dir='ltr' id='par_1_8' title="bbox 268 2847 1278 2946">
     <span class='ocr_line' id='line_1_21' title="bbox 268 2847 1278 2946; baseline 0 -30"><span class='ocrx_word' id='word_1_150' title='bbox 268 2847 445 2918; x_wconf 87' lang='lat' dir='ltr'><strong>indicare.</strong></span> <span class='ocrx_word' id='word_1_151' title='bbox 478 2848 655 2938; x_wconf 90' lang='lat' dir='ltr'><strong>Quotidie</strong></span> <span class='ocrx_word' id='word_1_152' title='bbox 684 2873 794 2920; x_wconf 90' lang='lat' dir='ltr'><strong>mane</strong></span> <span class='ocrx_word' id='word_1_153' title='bbox 824 2849 1032 2946; x_wconf 85' lang='lat' dir='ltr'><strong>pauxillum</strong></span> <span class='ocrx_word' id='word_1_154' title='bbox 1060 2847 1278 2920; x_wconf 89' lang='lat' dir='ltr'><strong>sumebatur</strong></span> 
     </span>
    </p>
   </div>
   <div class='ocr_carea' id='block_1_9' title="bbox 268 2964 1386 3063">
    <p class='ocr_par' dir='ltr' id='par_1_9' title="bbox 268 2964 1386 3063">
     <span class='ocr_line' id='line_1_22' title="bbox 268 2964 1386 3063; baseline -0.002 -27"><span class='ocrx_word' id='word_1_155' title='bbox 268 2968 400 3039; x_wconf 74' lang='lat' dir='ltr'><strong>resinae</strong></span> <span class='ocrx_word' id='word_1_156' title='bbox 414 2965 691 3055; x_wconf 85' lang='lat' dir='ltr'><strong>terebinthinae,</strong></span> <span class='ocrx_word' id='word_1_157' title='bbox 717 2991 792 3063; x_wconf 90' lang='lat' dir='ltr'><strong>qua</strong></span> <span class='ocrx_word' id='word_1_158' title='bbox 809 2964 951 3055; x_wconf 75' lang='lat' dir='ltr'><strong>fauces,</strong></span> <span class='ocrx_word' id='word_1_159' title='bbox 975 2979 1182 3063; x_wconf 84' lang='lat' dir='ltr'><strong>pectusque</strong></span> <span class='ocrx_word' id='word_1_160' title='bbox 1199 2992 1276 3036; x_wconf 91' lang='lat' dir='ltr'><strong>non</strong></span> <span class='ocrx_word' id='word_1_161' title='bbox 1385 2989 1386 3016; x_wconf 66' lang='lat'>³</span> 
     </span>
    </p>
   </div>
   <div class='ocr_carea' id='block_1_10' title="bbox 200 3082 1277 4141">
    <p class='ocr_par' dir='ltr' id='par_1_10' title="bbox 200 3082 1277 4141">
     <span class='ocr_line' id='line_1_23' title="bbox 270 3082 1277 3182; baseline 0 -26"><span class='ocrx_word' id='word_1_162' title='bbox 270 3085 404 3158; x_wconf 82' lang='lat' dir='ltr'><strong>leviter</strong></span> <span class='ocrx_word' id='word_1_163' title='bbox 429 3087 552 3181; x_wconf 87' lang='lat' dir='ltr'><strong>juvari</strong></span> <span class='ocrx_word' id='word_1_164' title='bbox 578 3082 789 3156; x_wconf 85' lang='lat' dir='ltr'><strong>affirmabat</strong></span> <span class='ocrx_word' id='word_1_165' title='bbox 813 3109 919 3182; x_wconf 73' lang='lat' dir='ltr'><strong>aeger.</strong></span> <span class='ocrx_word' id='word_1_166' title='bbox 950 3087 1037 3156; x_wconf 93' lang='lat' dir='ltr'><strong>Post</strong></span> <span class='ocrx_word' id='word_1_167' title='bbox 1060 3083 1118 3173; x_wconf 89' lang='lat' dir='ltr'><strong>id,</strong></span> <span class='ocrx_word' id='word_1_168' title='bbox 1145 3083 1277 3156; x_wconf 91' lang='lat' dir='ltr'><strong>diebus</strong></span> 
     </span>
     <span class='ocr_line' id='line_1_24' title="bbox 266 3203 1276 3301; baseline 0 -29"><span class='ocrx_word' id='word_1_169' title='bbox 266 3205 400 3300; x_wconf 83' lang='lat' dir='ltr'><strong>viginti</strong></span> <span class='ocrx_word' id='word_1_170' title='bbox 413 3205 544 3301; x_wconf 85' lang='lat' dir='ltr'><strong>primis</strong></span> <span class='ocrx_word' id='word_1_171' title='bbox 560 3203 763 3301; x_wconf 86' lang='lat' dir='ltr'><strong>potabatur</strong></span> <span class='ocrx_word' id='word_1_172' title='bbox 780 3227 897 3300; x_wconf 90' lang='lat' dir='ltr'><strong>aqua,</strong></span> <span class='ocrx_word' id='word_1_173' title='bbox 915 3217 958 3274; x_wconf 91' lang='lat' dir='ltr'><strong>ut</strong></span> <span class='ocrx_word' id='word_1_174' title='bbox 975 3227 1079 3298; x_wconf 79' lang='lat' dir='ltr'><strong>nunc</strong></span> <span class='ocrx_word' id='word_1_175' title='bbox 1093 3204 1276 3290; x_wconf 86' lang='lat' dir='ltr'><strong>vocitant,</strong></span> 
     </span>
     <span class='ocr_line' id='line_1_25' title="bbox 269 3320 1277 3419; baseline 0.001 -29"><span class='ocrx_word' id='word_1_176' title='bbox 269 3321 395 3408; x_wconf 91' lang='lat' dir='ltr'><strong>lactis,</strong></span> <span class='ocrx_word' id='word_1_177' title='bbox 427 3321 561 3417; x_wconf 89' lang='lat' dir='ltr'><strong>inquo</strong></span> <span class='ocrx_word' id='word_1_178' title='bbox 590 3337 697 3392; x_wconf 89' lang='lat' dir='ltr'><strong>erant</strong></span> <span class='ocrx_word' id='word_1_179' title='bbox 715 3320 941 3419; x_wconf 84' lang='lat' dir='ltr'><strong>fuerantque</strong></span> <span class='ocrx_word' id='word_1_180' title='bbox 968 3336 1077 3392; x_wconf 87' lang='lat' dir='ltr'><strong>antea</strong></span> <span class='ocrx_word' id='word_1_181' title='bbox 1100 3320 1277 3419; x_wconf 85' lang='lat' dir='ltr'><strong>anagallis</strong></span> 
     </span>
     <span class='ocr_line' id='line_1_26' title="bbox 269 3429 1276 3537; baseline 0.001 -31"><span class='ocrx_word' id='word_1_182' title='bbox 269 3437 455 3534; x_wconf 87' lang='lat' dir='ltr'><strong>aquatica,</strong></span> <span class='ocrx_word' id='word_1_183' title='bbox 482 3437 621 3510; x_wconf 90' lang='lat' dir='ltr'><strong>hedera</strong></span> <span class='ocrx_word' id='word_1_184' title='bbox 645 3440 857 3528; x_wconf 88' lang='lat' dir='ltr'><strong>terrestris,</strong></span> <span class='ocrx_word' id='word_1_185' title='bbox 880 3429 1057 3537; x_wconf 86' lang='lat' dir='ltr'><strong>hyperici</strong></span> <span class='ocrx_word' id='word_1_186' title='bbox 1077 3437 1210 3525; x_wconf 78' lang='lat' dir='ltr'><strong>flores,</strong></span> <span class='ocrx_word' id='word_1_187' title='bbox 1242 3451 1276 3508; x_wconf 90' lang='lat' dir='ltr'><strong>et</strong></span> 
     </span>
     <span class='ocr_line' id='line_1_27' title="bbox 268 3553 1276 3652; baseline 0.004 -30"><span class='ocrx_word' id='word_1_188' title='bbox 268 3553 517 3652; x_wconf 83' lang='lat' dir='ltr'><strong>pauxillulum</strong></span> <span class='ocrx_word' id='word_1_189' title='bbox 547 3557 697 3629; x_wconf 88' lang='lat' dir='ltr'><strong>corticis</strong></span> <span class='ocrx_word' id='word_1_190' title='bbox 733 3555 906 3629; x_wconf 70' lang='lat' dir='ltr'><strong>sasbafras</strong></span> <span class='ocrx_word' id='word_1_191' title='bbox 928 3572 1129 3644; x_wconf 86' lang='lat' dir='ltr'><strong>macerata,</strong></span> <span class='ocrx_word' id='word_1_192' title='bbox 1171 3556 1276 3651; x_wconf 85' lang='lat' dir='ltr'><strong>cujus</strong></span> 
     </span>
     <span class='ocr_line' id='line_1_28' title="bbox 267 3674 1274 3774; baseline 0.002 -34"><span class='ocrx_word' id='word_1_193' title='bbox 267 3693 372 3768; x_wconf 83' lang='lat' dir='ltr'><strong>aquae</strong></span> <span class='ocrx_word' id='word_1_194' title='bbox 385 3674 491 3771; x_wconf 92' lang='lat' dir='ltr'><strong>potio</strong></span> <span class='ocrx_word' id='word_1_195' title='bbox 505 3697 653 3771; x_wconf 92' lang='lat' dir='ltr'><strong>semper</strong></span> <span class='ocrx_word' id='word_1_196' title='bbox 666 3675 796 3770; x_wconf 89' lang='lat' dir='ltr'><strong>quinta</strong></span> <span class='ocrx_word' id='word_1_197' title='bbox 810 3701 830 3745; x_wconf 90' lang='lat' dir='ltr'><strong>a</strong></span> <span class='ocrx_word' id='word_1_198' title='bbox 845 3674 1005 3774; x_wconf 87' lang='lat' dir='ltr'><strong>prandio</strong></span> <span class='ocrx_word' id='word_1_199' title='bbox 1019 3674 1127 3762; x_wconf 86' lang='lat' dir='ltr'><strong>hora,</strong></span> <span class='ocrx_word' id='word_1_200' title='bbox 1146 3675 1274 3760; x_wconf 88' lang='lat' dir='ltr'><strong>etiam,</strong></span> 
     </span>
     <span class='ocr_line' id='line_1_29' title="bbox 268 3788 1275 3888; baseline 0.003 -32"><span class='ocrx_word' id='word_1_201' title='bbox 268 3788 400 3860; x_wconf 88' lang='lat' dir='ltr'><strong>iterata</strong></span> <span class='ocrx_word' id='word_1_202' title='bbox 417 3805 482 3860; x_wconf 90' lang='lat' dir='ltr'><strong>est.</strong></span> <span class='ocrx_word' id='word_1_203' title='bbox 514 3789 586 3861; x_wconf 88' lang='lat' dir='ltr'><strong>Sed</strong></span> <span class='ocrx_word' id='word_1_204' title='bbox 604 3793 794 3862; x_wconf 84' lang='lat' dir='ltr'><strong>matutinae</strong></span> <span class='ocrx_word' id='word_1_205' title='bbox 817 3806 905 3888; x_wconf 86' lang='lat' dir='ltr'><strong>post&#39;</strong></span> <span class='ocrx_word' id='word_1_206' title='bbox 926 3791 1006 3863; x_wconf 91' lang='lat' dir='ltr'><strong>dies</strong></span> <span class='ocrx_word' id='word_1_207' title='bbox 1022 3792 1107 3863; x_wconf 88' lang='lat' dir='ltr'><strong>illos</strong></span> <span class='ocrx_word' id='word_1_208' title='bbox 1122 3791 1275 3888; x_wconf 84' lang='lat' dir='ltr'><strong>viginti,</strong></span> 
     </span>
     <span class='ocr_line' id='line_1_30' title="bbox 268 3904 1276 4006; baseline 0.002 -32"><span class='ocrx_word' id='word_1_209' title='bbox 268 3904 467 3976; x_wconf 89' lang='lat' dir='ltr'><strong>substituta</strong></span> <span class='ocrx_word' id='word_1_210' title='bbox 487 3907 592 4004; x_wconf 88' lang='lat' dir='ltr'><strong>potio</strong></span> <span class='ocrx_word' id='word_1_211' title='bbox 611 3922 665 3978; x_wconf 90' lang='lat' dir='ltr'><strong>est</strong></span> <span class='ocrx_word' id='word_1_212' title='bbox 681 3908 778 4004; x_wconf 84' lang='lat' dir='ltr'><strong>juris</strong></span> <span class='ocrx_word' id='word_1_213' title='bbox 798 3907 974 4006; x_wconf 89' lang='lat' dir='ltr'><strong>viperini,</strong></span> <span class='ocrx_word' id='word_1_214' title='bbox 995 3933 1082 3979; x_wconf 92' lang='lat' dir='ltr'><strong>cum</strong></span> <span class='ocrx_word' id='word_1_215' title='bbox 1102 3910 1220 3994; x_wconf 89' lang='lat' dir='ltr'><strong>ranis,</strong></span> <span class='ocrx_word' id='word_1_216' title='bbox 1241 3921 1276 3977; x_wconf 88' lang='lat' dir='ltr'><strong>et</strong></span> 
     </span>
     <span class='ocr_line' id='line_1_31' title="bbox 200 4022 1275 4141; baseline 0.008 -54"><span class='ocrx_word' id='word_1_217' title='bbox 200 4125 204 4141; x_wconf 39' lang='grc' dir='ltr'>Ι</span> <span class='ocrx_word' id='word_1_218' title='bbox 267 4023 395 4094; x_wconf 85' lang='lat' dir='ltr'><strong>caudis</strong></span> <span class='ocrx_word' id='word_1_219' title='bbox 411 4022 644 4096; x_wconf 84' lang='lat' dir='ltr'><strong>fluviatilium</strong></span> <span class='ocrx_word' id='word_1_220' title='bbox 666 4049 891 4096; x_wconf 88' lang='lat' dir='ltr'><strong>cancrorum</strong></span> <span class='ocrx_word' id='word_1_221' title='bbox 916 4028 1046 4124; x_wconf 85' lang='lat' dir='ltr'><strong>parati.</strong></span> <span class='ocrx_word' id='word_1_222' title='bbox 1070 4028 1155 4117; x_wconf 89' lang='lat' dir='ltr'><strong>Quo</strong></span> <span class='ocrx_word' id='word_1_223' title='bbox 1173 4040 1275 4124; x_wconf 90' lang='lat' dir='ltr'><strong>post·</strong></span> 
     </span>
    </p>
   </div>
   <div class='ocr_carea' id='block_1_11' title="bbox 0 0 1409 4674">
    <p class='ocr_par' dir='ltr' id='par_1_11' title="bbox 0 0 1409 4674">
     <span class='ocr_line' id='line_1_32' title="bbox 0 0 1409 4674; baseline 0 0"><span class='ocrx_word' id='word_1_224' title='bbox 0 0 1409 4674; x_wconf 95' lang='lat' dir='ltr'><strong> </strong></span> 
     </span>
    </p>
   </div>
  </div>
 </body>
</html>
