2800 4674
198 361 214 392 S

148 487 218 536 ΗΒ.
245 489 285 536 11.
315 485 361 537 DE
386 482 521 536 Monms
546 447 881 554 rnouaelssurlsr.
902 491 974 538 XXI.
1007 489 1069 542 121

78 625 168 700 gens
181 617 294 674 aortae
311 627 531 700 aneurysma
549 602 616 674 sub
633 602 886 700 pectoralibus
898 606 1075 678 musculis

76 719 217 790 minori
236 736 273 791 et
288 721 420 816 majori
433 724 482 791 ita
495 735 589 792 esset
599 721 832 819 disruptum,
851 736 892 791 ut
908 720 1076 794 foramen

77 851 204 934 posset
223 862 391 935 pugnum
409 837 624 926 admittere,
642 853 792 934 tresque
810 837 861 908 ibi
876 853 996 912 costas
1010 840 1077 910 ab·

78 956 296 1053 sumpsisset
306 982 315 1044 ;
327 970 453 1026 tamen
467 979 592 1052 neque
601 956 701 1026 intus
712 954 928 1052 pulmonem
940 1008 950 1040 ‚
962 981 1078 1051 quem

76 1087 322 1168 represserat,
339 1088 403 1144 aut
416 1071 680 1170 diaphragma,
697 1094 861 1168 quocum
881 1095 1080 1144 concreve-

77 1203 151 1274 rat,
167 1212 294 1286 neque
307 1205 409 1262 extra
422 1189 578 1261 violasse
592 1188 798 1276 musculos,
809 1189 1081 1287 quibusocclu·

78 1303 257 1393 debatur,
277 1307 493 1405 pectorales.
516 1306 586 1380 Sed
601 1309 677 1403 jam
697 1306 744 1378 ad
762 1307 930 1378 ultimam
949 1308 1079 1381 obser-

78 1425 268 1496 rationem
283 1427 487 1498 veniamus.
777 1409 782 1416 .

125 1546 183 1638 49.
202 1547 223 1613 J
226 1543 357 1616 uvenis
374 1545 512 1614 meraci
531 1545 609 1614 vini
634 1543 893 1641 potationibus
911 1542 1083 1632 deditus,

79 1681 202 1756 eoque
231 1659 472 1759 largioribus,
492 1661 595 1759 quod
614 1662 711 1732 sitim
728 1686 786 1732 ars
804 1685 869 1732 sua
887 1660 1082 1750 movebat,

80 1801 162 1872 quae
179 1793 258 1849 erat
276 1779 514 1875 coquinaria,
533 1793 618 1875 post
634 1779 772 1866 nimios
787 1780 826 1846 in
842 1776 912 1848 hac
924 1775 1084 1864 labores,

82 1911 252 1991 coeperat,
266 1905 353 1966 ant'e
372 1919 540 1966 mensem
555 1894 710 1964 thorace
727 1909 764 1964 et
776 1892 971 1963 stomacho
990 1892 1084 1964 male

49 2029 51 2044 '
82 2009 244 2098 habere,
259 2026 296 2082 et
310 2008 463 2081 difficile
477 2011 659 2108 respirare
674 2036 681 2078 :
703 2034 791 2080 mox
804 2009 914 2080 etiam
930 2007 1086 2079 durities

82 2126 254 2224 quaedam
273 2127 320 2198 ad
332 2126 554 2198 umbilicum
564 2135 775 2199 accesserat.
792 2131 907 2198 Erant
918 2125 995 2196 haec
1009 2149 1087 2194 om·

81 2246 147 2314 nia
165 2245 246 2316 sine
263 2242 378 2317 febre.
398 2246 585 2343 Sanguine
607 2244 683 2334 bis,
704 2244 768 2317 sed
790 2247 889 2316 intra
907 2243 1086 2332 modum,

81 2385 102 2432 e
123 2359 288 2434 brachiis
308 2363 492 2452 missu,et
510 2362 605 2435 datis
622 2388 703 2461 quae
721 2361 767 2433 ad
781 2360 1087 2452 demulcendum,

85 2493 122 2549 et
138 2478 460 2577 expectorandum
474 2477 661 2568 facerent,
676 2481 725 2552 ita
740 2481 876 2552 melius
886 2478 1033 2565 habuit,
1045 2493 1088 2550 ut

86 2595 155 2666 sibi
168 2611 389 2694 persanatus
397 2598 598 2670 videretur.
616 2597 687 2669 Sed
700 2613 786 2696 post
799 2597 877 2668 dies
890 2609 989 2682 octo,
1000 2619 1089 2666 cum

86 2710 123 2779 iu
141 2736 187 2782 eo
205 2715 327 2786 solum
348 2738 520 2812 peccasse
535 2739 574 2786 se
589 2714 744 2802 diceret,
772 2713 876 2812 quod
898 2711 1088 2783 debiliori-

75 2825 157 2916 vbus
173 2831 286 2902 etiam
303 2846 384 2902 tum
400 2830 575 2903 cruribus
589 2833 700 2902 nimis
713 2830 956 2922 ambulasset,
974 2829 1090 2901 redie-

89 2962 176 3017 runt
190 2949 253 3022 illa
267 2949 405 3036 omnia,
415 2949 611 3047 multoque
623 2950 802 3046 graviora.
819 2947 906 3019 Vidi
920 2972 990 3046 ego
1004 2939 1093 3017 cum'

92 3060 241 3135 demum
259 3066 298 3136 in
313 3068 549 3139 Bononiense
568 3067 829 3138 nosocomium
848 3068 881 3133 S.
902 3063 1026 3134 Mariae
1043 3062 1091 3133 de

93 3180 164 3251 vita
175 3197 270 3256 esset
287 3183 428 3274 illatus,
445 3184 565 3283 pridie
579 3183 650 3255 kal.
668 3185 756 3254 maii
771 3184 861 3253 anui
881 3180 984 3282 1703,
999 3179 1092 3251 dica

92 3298 253 3371 recidiva
268 3315 421 3389 octavo,
442 3326 490 3372 an
508 3327 622 3372 nono.
648 3302 756 3372 Facie
774 3313 853 3370 erat
871 3297 1014 3387 albida,
1036 3311 1092 3370 at-

93 3435 162 3506 que
175 3416 406 3506 subtumida,
425 3416 567 3517 frigidis
583 3417 762 3516 pedibus,
782 3432 819 3488 et
837 3443 858 3487 a
875 3415 1008 3490 dicbus
1014 3416 1093 3512 jam

93 3529 209 3608 tribus
225 3561 302 3606 non
315 3560 421 3610 secus
431 3561 474 3608 ac
484 3561 593 3608 crura
607 3536 852 3608 tumentibus.
864 3539 985 3606 Pauca
996 3535 1092 3604 min·

96 3647 223 3742 gebat,
243 3653 404 3724 multum
421 3653 577 3726 sitiebat.
598 3655 681 3724 Pari
700 3655 740 3724 in
757 3654 891 3749 quovis
909 3653 981 3724 situ
1000 3648 1094 3720 dilli-

96 3763 225 3840 cultate
248 3770 421 3864 jacebat:
447 3768 512 3841 sed
537 3771 568 3844 si
594 3783 707 3868 caput
727 3770 897 3842 attollere
917 3781 1093 3854 tentaret,

97 3879 208 3954 sudor
220 3886 261 3956 in
278 3883 401 3956 fronte
418 3887 703 3986 prorumpebat.
723 3891 818 3958 Cum
839 3885 885 3956 de
906 3883 983 3971 his,
998 3881 1094 3956 etde

98 3991 139 4068 lis
154 4024 234 4100 quae
254 4026 366 4103 supra
378 4001 478 4076 dicta
493 4021 581 4080 sunt
594 4059 604 4098 ,
616 4017 857 4105 quereretur,
875 4018 956 4076 tum
978 4002 1094 4075 maxi-

1262 432 1278 472 l
