2820 4668
139 480 208 530 nra.
237 483 277 528 11.
306 479 353 528 nr
379 478 516 528 nonnis
542 477 736 542 nunnius,
753 477 865 526 amsr.
887 477 1000 526 xxvu.
1030 455 1100 554 517

7 643 9 684 :
92 595 218 668 minus
230 592 464 666 admittendo
476 592 651 690 ideoque,
666 594 706 662 iu
724 593 872 664 sinistra
887 593 1054 666 auricula
1065 609 1103 667 et

7 765 8 770 η
93 711 361 809 pulmonibus,
379 727 417 783 et
432 709 644 782 ventriculo
664 707 820 782 dextero
835 709 1055 808 adjectaque
1069 711 1104 781 ei
1141 733 1152 755 ··

95 829 263 900 auricula
292 827 535 900 retardando.
568 827 640 899 Sed
666 849 735 897 cur
760 827 906 924 primus
934 829 1106 900 omnium

96 945 271 1018 dilatatus
289 961 345 1018 est
364 946 514 1018 sinister
531 943 791 1016 ventriculus?
806 945 994 1016 Nimirum
1015 947 1106 1042 quia

98 1078 315 1149 contractu,
326 1086 575 1160 quaecumque
590 1061 672 1158 ejus
684 1062 739 1132 rei
754 1085 865 1134 causa
879 1061 1009 1151 luerit,
1023 1087 1104 1136 cor·

97 1195 313 1279 rugataeque
329 1179 574 1252 semilunares
592 1178 749 1250 valvulae
762 1203 799 1250 se
817 1179 1003 1278 explicare
1018 1182 1105 1254 satis

6 1365 10 1384 2
97 1323 178 1370 nou
195 1311 386 1396 poterant,
400 1321 450 1368 ne
460 1297 628 1396 sanguis,
644 1297 927 1394 constringente
938 1321 976 1369 se
987 1313 1103 1388 aorta,

6 1397 9 1498 ζ
98 1417 138 1486 iu
159 1415 412 1489 ventriculum
426 1413 530 1486 unde
547 1429 724 1502 venerat,
744 1415 800 1485 sui
816 1430 959 1512 partem
976 1416 1105 1488 remit-

6 1517 10 1614 ζ
98 1546 215 1604 teret:
238 1557 320 1627 quae
337 1553 424 1627 pars
435 1528 591 1601 fortasse
607 1531 733 1600 minor
746 1527 896 1614 luisset,
917 1532 948 1602 si
968 1511 1103 1604 tunicae

6 1639 10 1734 J
100 1647 296 1720 ulterioris
310 1662 422 1719 aortae
433 1647 572 1740 justam
584 1645 732 1742 excepti
748 1647 939 1742 sanguinis
956 1650 1105 1745 copiam

6 1753 10 1874 J
99 1789 215 1838 venas
229 1788 359 1836 versus
380 1763 606 1862 compellere
628 1761 858 1861 potuissent,
878 1763 1043 1868 id‘quod
1059 1764 1105 1838 il-

6 1875 9 1888 '
102 1883 225 1956 larum
235 1882 419 1966 tenuitas,
438 1879 513 1951 hoc
527 1896 582 1952 est
598 1881 726 1951 minor
736 1903 957 1953 carucarum
972 1895 1008 1952 et
1020 1881 1107 1954 elas
1156 1871 1168 1884 '

6 2087 8 2094 y
102 2001 261 2072 ticarum
277 1996 459 2070 fibrarum
472 2021 749 2080 numerusnon
769 1997 924 2070 sinebat.

153 2122 295 2189 Verum
313 2115 391 2186 haee
411 2139 490 2188 non
509 2114 627 2188 fusius
651 2116 818 2214 explico,
842 2130 898 2191 ut,
914 2139 996 2214 quae
1021 2140 1107 2214 par·
1181 2193 1192 2216 ·

6 2215 7 2218 Ἴ
103 2236 172 2306 tim
190 2248 277 2307 sunt
295 2257 365 2333 per
381 2257 420 2306 se
442 2233 564 2324 clara,
583 2235 720 2332 partim
744 2231 833 2304 alias
847 2231 861 2330 (
877 2257 890 2304 1
905 2231 922 2330 )
935 2233 1021 2305 satis
1048 2221 1107 2305 ex·

5 2351 6 2366 ¹
104 2353 236 2448 posita.
1031 2431 1049 2475 4

159 2464 211 2539 15.
226 2466 325 2538 Illud
335 2481 461 2540 tamen
480 2491 629 2566 semper
647 2483 703 2539 est
719 2467 1107 2560 animadvertendum,

5 2561 7 2606 l
107 2585 233 2656 cordis
246 2602 507 2684 aueurysmata
517 2585 620 2657 haud
634 2609 742 2658 secus
757 2601 870 2683 atque
886 2601 1109 2676 aorta,n0u

5 2713 6 2718 ’
107 2703 158 2774 ita
182 2704 407 2778 necessarias
433 2703 549 2776 subiti
573 2704 749 2776 interitus
780 2728 909 2776 causas
937 2728 1035 2792 esse,
1067 2720 1111 2776 ut

107 2835 197 2894 sunt
209 2821 333 2894 cordis
350 2836 416 2894 aut
429 2837 541 2894 aortae
557 2823 762 2920 ruptiones.
778 2827 860 2892 lmo
874 2821 1112 2894 dilatationes

109 2937 196 3026 illae,
216 2940 288 3010 nisi
308 2963 355 3010 eo
381 2938 535 3009 demum
560 2939 822 3035 pervenerint,
846 2952 889 3007 ut
914 2961 1012 3010 nova
1041 2939 1112 3008 alia

112 3079 223 3128 causa
238 3057 468 3128 extrinsecus
487 3068 552 3125 aut
574 3055 803 3129 intrinsecus
822 3051 1043 3142 accedente,
1069 3053 1112 3124 il·

111 3173 186 3246 lico
207 3195 348 3244 cessare
367 3171 501 3246 debeat
523 3171 713 3268 sanguinis
726 3170 955 3259 circumiti0,
972 3170 1114 3244 lentam

113 3291 240 3389 potius
255 3303 414 3364 mortem
433 3286 591 3362 afferent
606 3311 720 3386 quam
733 3288 978 3385 repentinam.
998 3291 1116 3387 Cujus
1127 3312 1139 3350 ³
1234 3354 1240 3365 .

113 3409 171 3480 rei
194 3407 264 3478 etsi
286 3407 412 3479 multae
435 3422 562 3479 extant
586 3406 889 3494 observationeS,
921 3428 1047 3504 neque
1074 3411 1130 3482 in‘

114 3526 255 3597 nostris
269 3523 316 3596 ad
332 3539 368 3596 te
389 3524 521 3596 litteris
542 3523 698 3614 desunt;
720 3539 844 3595 tamen
865 3523 969 3621 quod
984 3525 1031 3598 ad
1050 3551 1116 3597 cor

114 3644 269 3734 attinet,
287 3641 334 3714 de
361 3653 439 3740 quo
465 3642 527 3714 hic
547 3644 708 3742 agimus,
735 3642 827 3714 duas
849 3643 993 3741 inspice
1022 3668 1117 3742 quas

154 4013 198 4092 (1)
219 4014 313 4090 Epist.
329 4015 382 4089 23,
398 4033 430 4072 u.
447 4033 476 4091 9.
