2850 4668
318 415 368 490 60
482 441 529 491 nr.
555 439 698 492 surmus
723 441 767 488 rr
792 439 916 488 causis
942 438 1154 487 uonroaurr

317 545 445 654 neque
461 539 674 650 inelegans,
692 551 798 625 facile
819 551 1114 640 detrahendum,
1136 550 1325 648 quemad-

289 721 291 726 ·
317 673 475 744 modum
489 687 524 742 et
535 669 705 759 alterum,
716 671 819 768 quod
831 669 970 742 ibidem
983 683 1158 767 praeterea
1169 685 1238 766 pe'r
1250 693 1329 740 me·

316 787 518 861 diastinum
529 787 681 860 vidisses
699 789 892 884 sanguinei
904 787 1051 858 coloris.
1065 785 1166 858 Nihil
1179 785 1321 856 horum

240 979 242 989 ,
314 930 337 976 a
356 905 533 976 sinistris:
556 907 645 1002 quin
664 905 715 976 ihi
736 906 867 1003 pulmo
884 919 947 976 aut
964 927 1095 989 sanus,
1115 917 1180 972 aut
1199 899 1318 972 ferme

315 1043 436 1092 sanus.
456 1021 499 1091 ln
518 1018 727 1120 pericardio
740 1045 836 1117 aqua
852 1021 973 1092 inerat
990 1043 1067 1089 non
1087 1041 1208 1115 panca
1222 1018 1319 1113 ejus·
1419 1049 1420 1062 ¹

313 1129 505 1208 demmodi
524 1163 567 1209 ac
592 1139 631 1208 in
657 1139 810 1210 thorace
828 1137 987 1210 dextero
1004 1136 1216 1206 memoravi.
1239 1138 1324 1206 Cor·

311 1252 370 1324 vel
380 1278 450 1352 pro
464 1253 628 1327 hominis
641 1269 780 1326 statura
791 1243 980 1352 magnum,
990 1251 1052 1325 sed
1062 1251 1315 1338 valdelaxum,

312 1372 570 1450 concretiones
595 1367 969 1470 habuit'polyposas,
988 1372 1140 1440 alteram
1167 1391 1250 1466 quae
1273 1369 1314 1439 in

311 1487 474 1558 auricula
494 1489 676 1587 incipiens
693 1485 859 1576 dextera,
872 1483 959 1558 inde
976 1513 1042 1584 per
1059 1487 1313 1558 ventriculum
1419 1523 1420 1574 3

311 1627 499 1676 annexum
511 1606 551 1677 in
561 1606 823 1704 pulmonarem
835 1604 1314 1703 producebaturarteriam3
1419 1615 1420 1650 ³

310 1719 463 1794 alteram
477 1724 588 1820 paulo
599 1725 829 1811 densiorem,
847 1724 965 1794 multo
983 1738 1110 1794 autem
1118 1721 1311 1816 majorem,

310 1841 451 1938 quippe
470 1862 552 1938 quae
580 1857 702 1914 totum
728 1867 825 1940 pene
846 1842 1039 1912 sinistrum.
1060 1838 1311 1910 ventriculum
1419 1821 1420 1902 i

310 1950 530 2056 occupabat,
540 1947 627 2032 inde
642 1985 735 2030 vero
748 1969 893 2032 aortam
903 1957 1060 2030 subibat.
1080 1955 1212 2026 Exhac
1223 1979 1311 2026 cum
1419 1943 1420 1954 ¹

308 2075 563 2160 extraherem,
592 2077 789 2173 cylindrus
807 2091 956 2149 secutus
979 2091 1034 2147 est
1060 2099 1105 2146 ex
1129 2075 1309 2172 sanguine

306 2189 413 2290 valde
438 2209 615 2265 concreto
636 2193 682 2264 ad
708 2193 898 2291 spithamae
923 2191 1209 2290 longitudinem.
1231 2193 1309 2262 Nec

305 2309 431 2380 minus
449 2326 648 2382 concretus
663 2303 810 2408 sanguis
822 2312 977 2408 eratqui
990 2311 1084 2381 vasis
1100 2310 1230 2380 saltem
1248 2333 1310 2380 su·

305 2426 538 2522 perioribus,
555 2442 596 2498 ut
616 2426 753 2499 collum
769 2427 955 2500 dissecans
975 2428 1163 2525 perspexi,
1186 2425 1307 2521 conti-

304 2530 474 2614 nebatur.
496 2545 674 2642 Laryngis
695 2559 731 2616 et
758 2545 963 2644 pharyngis
984 2569 1068 2617 vasa
1092 2543 1306 2642 turgebant.

303 2661 429 2732 Facies
445 2687 490 2732 ex
507 2660 624 2733 rubro
644 2657 791 2735 livehat.
816 2663 875 2735 Ibi
897 2665 936 2734 in
963 2663 1109 2734 sinistra
1140 2660 1306 2734 auricula

303 2779 454 2876 sanguis
482 2794 560 2850 erat
581 2781 902 2852 semi-concretus.
934 2785 1053 2878 Caput
1078 2779 1309 2850 tamennon

302 2895 438 2981 incidi,
463 2895 543 2968 aliis
563 2913 785 2996 occupatus,
809 2899 931 2970 utrix
955 2897 1074 2969 altero
1090 2911 1174 2994 post
1202 2921 1304 2966 mor·

301 3027 377 3084 tem
400 3013 476 3104 die,
498 3011 690 3088 thoracem
712 3015 754 3088 ac
772 3031 943 3088 ventrem
964 3013 1145 3087 dissecare
1170 3029 1306 3112 potue-

299 3129 382 3200 rim.
400 3135 541 3203 Venter
556 3135 717 3206 exterius
745 3124 949 3204 livebatad
966 3127 1038 3202 ili‘a.
1067 3129 1228 3202 Interius
1247 3145 1304 3202 ta·

299 3270 387 3318 men
406 3247 501 3318 nihil
521 3251 593 3322 nisi
610 3252 722 3321 colon
739 3250 955 3322 intestinum
972 3246 1225 3346 respondebat
1248 3271 1306 3320 sa-

299 3388 411 3452 num,
431 3366 497 3439 sed
517 3370 602 3439 aere
624 3367 840 3440 distentum.
853 3366 1035 3465 Hepar'in
1048 3380 1305 3438 transversum

299 3481 393 3554 adeo
414 3483 653 3581 porrectum,
670 3500 713 3556 ut
730 3481 921 3557 summam
931 3483 1038 3556 lienis
1053 3498 1214 3582 partem,
1232 3481 1306 3553 sibi

297 3595 572 3690 arcte'nexam,
592 3615 709 3673 totam
727 3599 951 3689 obduceret,
973 3601 1126 3673 lividam·
1141 3597 1306 3696 crepidi·-

295 3743 384 3791 nem
406 3717 454 3788 ad
473 3743 650 3817 magnum
670 3734 831 3791 tractum
853 3717 1025 3790 hahebat.
1051 3717 1182 3800 Livor,
1211 3715 1305 3786 alio-

295 3837 390 3933 quin
407 3835 510 3908 haud
529 3838 600 3908 alte
615 3851 837 3936 penetrans,
850 3838 1059 3935 proximam
1072 3846 1226 3933 quoque
1243 3857 1304 3905 ca-

294 3978 379 4030 vam
397 3967 543 4052 partem
559 3953 607 4028 ad
621 3956 737 4031 trium
752 3955 901 4032 circiter
920 3955 1122 4056 digitorum
1141 3951 1304 4051 spatium
