2800 4674
153 485 220 534 tta.
247 486 288 534 11.
310 485 363 534 ⁴ou
389 481 526 546 nonnis
550 483 750 550 rnonacrs,
775 485 888 534 rusr.
913 487 1002 536 xxrr.
1035 463 1101 554 145
1200 493 1203 498 ¹
1241 498 1247 510 “

104 597 259 670 extiterit
284 623 363 696 quo
388 621 521 670 cavum
548 597 766 696 replebatur
794 600 935 672 sinistri
959 600 1102 691 lateris,

102 737 147 783 an
164 715 316 788 aliunde
335 741 384 826 eo
407 715 652 804 translatum,
672 741 723 789 an
739 714 901 788 effirsum
920 743 965 790 ex
991 743 1103 818 supe-

103 831 199 902 riore
225 832 288 906 illa
314 829 507 932 pulmonis
534 848 639 931 parte
670 834 904 929 aliquantum
931 833 1045 924 dura,
1063 839 1104 906 in

103 950 317 1048 amplasque
327 950 509 1024 vesiculas
518 950 679 1022 dilatata.
693 953 788 1022 Nam
799 952 830 1022 si
840 951 1106 1052 quibussymp-

105 1050 307 1140 tomatibu's
327 1070 468 1167 stipatae
483 1065 640 1140 fuissent
662 1092 869 1166 praegressa
887 1069 958 1142 illae
972 1067 1108 1160 febres,

106 1199 309 1274 constaret,
333 1201 396 1258 aut
429 1211 511 1283 quae
535 1210 621 1283 pars
644 1185 715 1256 alia
743 1187 914 1284 corporis
929 1202 1108 1266 ¹servaret

104 1298 258 1398 aliquod
287 1303 445 1376 laesionis
476 1304 696 1402 vestigium,
724 1319 851 1402 posset
876 1327 955 1377 esse
978 1305 1108 1403 primae

103 1419 328 1515 conjecture
347 1421 461 1493 locus.
481 1424 592 1494 Nunc
608 1423 678 1494 etsi
692 1445 811 1493 caveae
824 1420 900 1492 111ae
913 1423 1108 1520 pulmonis

104 1535 252 1612 adeum
272 1538 429 1610 modum
448 1541 771 1638 apparuerint„ut
785 1565 856 1638 pro
874 1537 1110 1638 amplificatis
1134 1567 1135 1571 ¹

105 1652 185 1750 ejus
200 1655 375 1728 vesiculis
393 1680 502 1754 posse
517 1659 636 1754 accipi
650 1659 736 1728 visae
752 1659 849 1745 sint3
868 1671 995 1754 tamen
1011 1682 1109 1730 sum-

104 1794 165 1842 ma
183 1773 246 1843 illa
267 1773 374 1846 sedes
392 1775 432 1844 in
455 1799 532 1870 qua
555 1788 680 1860 erant,
702 1787 739 1844 et
755 1773 933 1868 adjuncta
952 1772 1109 1848 durities

21 1926 27 1938 ι
104 1891 355 1990 suspicionem
382 1889 536 1960 fortasse
562 1889 727 1985 aliquam
750 1913 903 1962 movere
930 1905 1113 1986 possunt,

106 2007 333 2104 conjecturae
347 2005 453 2090 alteri
472 2003 676 2092 faventem,
694 2004 796 2103 apud
815 2029 880 2078 eos
904 2008 1111 2103 pracsertim

104 2123 173 2218 qui
188 2147 268 2207 non
280 2147 368 2194 casu
381 2120 520 2194 factum
535 2121 691 2194 credant
699 2174 715 2218 ,ι
723 2135 765 2192 ut
780 2123 820 2193 in
831 2120 1111 2220 phthisicorum

104 2237 581 2314 dissectionibusValsalvae
596 2239 785 2328 acciderit,
803 2239 974 2314 eamdem
991 2242 1110 2340 potis-

102 2356 239 2428 simum
258 2358 564 2432 laesaminrenim
581 2358 774 2456 pulmonis
791 2373 958 2456 partem,
975 2383 1109 2456 qnem-

102 2473 309 2562 admodum
324 2479 496 2576 proxima
519 2475 695 2548 ostendet
713 2473 942 2564 observatio,
967 2492 1005 2548 et
1027 2476 1109 2552 duae

103 2593 403 2685 confirmabunt,
420 2621 503 2692 quae
516 2609 601 2692 post
617 2593 719 2664 illam
732 2591 984 2690 proferentur.

79 2711 82 2714 ’
158 2718 213 2801 14.
232 2713 392 2807 Quidam
414 2713 564 2797 musicae
585 2711 692 2798 artis,
712 2735 878 2808 ususque
899 2709 1110 2808 hujusdns-

106 2832 564 2930 trumentorumperitus,
575 2845 680 2902 aetate
690 2829 768 2924 jam
786 2830 1035 2932 consistente,
1048 2831 1110 2902 tri·

103 2945 176 3020 hus
193 2963 280 3022 ante
298 2950 407 3020 annis
430 2950 470 3020 in
496 2963 652 3046 sputum
680 2945 814 3017 incidit
839 2949 1110 3045 sanguineum,

104 3069 189 3153 cui,
220 3068 333 3140 tussis·
351 3093 438 3139 cum
460 3065 697 3170 exspuitione
723 3065 903 3154 materiae,
928 3079 971 3134 ut
995 3064 1110 3163 vulgo

105 3177 244 3276 dicitur
254 3183 497 3271 catarrhalis,
513 3182 703 3255 successit.
720 3180 849 3252 Multis
864 3180 998 3279 elapsis
1010 3205 1111 3252 men-

104 3300 223 3388 sibuS‚
245 3317 398 3398 sputum
422 3303 672 3399 sanguineum
701 3297 828 3386 rediit,
857 3295 995 3370 deinde
1021 3300 1109 3374 alias

104 3443 282 3518 quoque,
303 3419 425 3493 donec
440 3434 525 3518 post
542 3443 580 3492 se
597 3417 941 3515 expectorationem
957 3415 1110 3520 reliquit
1145 3499 1157 3510 ,

105 3540 269 3610 materiae
285 3553 322 3612 et
336 3538 477 3627 multe,
498 3552 535 3610 et
555 3523 704 3620 crassae,
722 3547 759 3610 et
777 3534 918 3632 pejoris
928 3550 1035 3608 notae.
1047 3539 1110 3608 Fa-

104 3655 186 3728 cilis
207 3653 361 3752 quidem
387 3670 466 3727 erat
490 3651 688 3728 decubitus
703 3652 743 3720 in
760 3665 887 3722 utrum
906 3649 1041 3723 liberet
1056 3651 1110 3724 la·

104 3785 183 3862 tus,
197 3772 402 3871 nullusque
414 3774 454 3844 in
469 3771 623 3844 thorace
634 3769 755 3840 dolor.
770 3767 842 3840 Sed
855 3770 966 3838 tussis
979 3783 1109 3859 noctu,

105 3905 143 3962 et
153 3893 340 3990 praecipue
349 3905 435 3988 post
447 3913 592 3962 coenam
602 3887 861 3959 molestaerat.
874 3885 1005 3956 Gravis
1017 3909 1110 3980 quo·
1131 3938 1136 3948 .

70 4013 73 4024 '
104 4036 182 4110 que
194 4025 275 4086 erat
288 4008 498 4108 respiratio,
510 4022 596 4107 post
609 4009 756 4080 motum
764 4001 984 4101 praesertim,
996 4026 1112 4102 quan·

177 4131 211 4206 3.
884 4195 885 4200 ,
921 4141 963 4191 ¹⁰
1004 4205 1006 4212 ,
