2820 4668
281 429 352 522 524
446 461 493 508 ns
521 459 667 508 ssmsus
690 461 736 508 rr
762 459 887 508 cruos
912 459 1122 510 nonnosum

282 587 484 670 utramque
497 574 547 644 ita
566 574 743 671 scriptam
759 628 769 662 ,
784 588 826 645 ut
845 574 959 672 plane
972 575 1183 674 intelligas,
1204 599 1303 672 quo-

196 703 200 710 “
284 715 370 762 rum
395 707 519 764 essent
534 715 577 764 ea
598 691 735 778 corda,
757 715 900 789 eosque
927 696 1126 790 repentina
1145 693 1304 790 quidem

287 823 411 880 morte
425 822 578 906 raptos,
599 808 754 896 sednon
768 824 926 908 propter
940 809 979 880 id
990 835 1033 882 os
1051 809 1177 882 fuisse.
1189 813 1305 880 Nam-

290 951 365 1024 que
379 949 480 998 anno
495 951 590 1024 1719,
602 941 809 1024 utrumque
824 951 868 998 os
884 926 1153 999 tantummodo
1167 952 1306 998 memo·

289 1068 459 1117 raveram
482 1045 521 1115 in
540 1050 572 1116 V
592 1043 825 1116 Adversariis
845 1043 918 1141 (r)
938 1045 1125 1118 videlieet.
1155 1045 1231 1116 Sed
1255 1045 1306 1116 ibi
1395 1071 1396 1106 i

290 1176 418 1236 tamen
447 1162 554 1248 satis,
576 1175 620 1232 ut
645 1163 805 1266 opinpr,
825 1161 1100 1247 indicaveram,
1126 1177 1306 1234 neutrum

292 1280 445 1352 illorum
458 1281 495 1350 in
512 1305 554 1350 ea
574 1279 700 1352 cordis
721 1294 827 1378 parte
843 1280 1077 1368 induruisse,
1102 1280 1175 1352 ubi
1196 1279 1305 1351 tendo
1396 1319 1397 1336 κ

294 1395 503 1470 secundum
518 1411 690 1472 naturam
711 1397 866 1494 quidem
886 1399 932 1469 sit
950 1413 1024 1470 tam
1044 1421 1199 1470 crassus
1223 1421 1305 1494 prae·

296 1515 423 1588 sertim
447 1539 559 1613 quam
586 1515 741 1588 alterius
767 1515 996 1603 crassitudo,
1026 1515 1184 1588 alterius
1211 1514 1310 1588 sedes

296 1633 525 1732 requirebat.
539 1639 593 1704 Ex
612 1632 720 1712 fibris
733 1635 844 1732 igitur
859 1635 1004 1708 carneis
1020 1635 1081 1720 ‚vi
1099 1633 1236 1705 morbi
1252 1659 1307 1704 an·

296 1767 357 1825 tea
370 1752 476 1850 quasi
491 1754 530 1822 in
544 1751 736 1824 tendinem
749 1807 758 1836 ‚
771 1767 813 1823 ut
830 1769 921 1849 puto
935 1753 1004 1848 (o),
1019 1753 1199 1840 mutatis,
1216 1750 1308 1824 vide
1398 1761 1399 1798 i

193 1855 196 1862 ’
299 1885 362 1942 tur
387 1885 593 1968 utrumque
614 1871 836 1942 constitisse.
863 1870 952 1967 Legi
971 1873 1101 1967 poste'a
1118 1868 1309 1941 Boerbaa·
1398 1851 1399 1858 ἵ

301 1990 404 2062 vium
418 1989 492 2088 (3),
504 2005 546 2062 ut
559 1989 647 2060 alibi
662 1989 827 2060 teredines
828 1990 953 2080 fuisse
965 1987 1184 2086 viditquasi
1193 2010 1312 2060 osseas
1397 2075 1398 2084 ἵ

290 2110 462 2200 festucas
470 2161 481 2195 ,
497 2108 548 2178 sic
558 2107 693 2180 vidisse
709 2133 865 2205 quoque
874 2122 1018 2206 septum
1026 2104 1153 2178 cordis
1163 2108 1314 2203 ejusque

303 2250 397 2298 cava
418 2251 560 2298 osseam
580 2205 758 2298 noturam
777 2226 949 2298 induisse.
974 2225 1167 2323 Praeeipue
1187 2242 1312 2296 autem

304 2345 343 2416 in
362 2344 517 2415 historia
539 2345 612 2444 legi
634 2345 744 2442 regiae
766 2341 1238 2438 scientiarumpacademioe
1256 2346 1315 2411 Pa·

306 2462 494 2549 risiensis‚
516 2486 618 2532 anno
637 2462 792 2561 quidem
807 2462 915 2559 1726,
940 2461 1166 2559 chirurgum
1180 2459 1313 2532 clariss.

308 2581 587 2676 Garengeotum
597 2604 641 2656 os
651 2580 1190 2678 reperissemeorumutroque
1202 2575 1315 2648 multo

307 2697 478 2794 longius,
494 2712 536 2770 ut
553 2697 601 2768 ad
621 2697 753 2770 ambos
771 2698 896 2772 cordis
906 2695 1138 2768 ventriculos
1160 2696 1315 2794 pertine·

309 2827 387 2903 ret,
406 2839 531 2912 neque
554 2817 717 2888 exterius
746 2815 888 2904 solum,
920 2814 976 2886 uti
996 2837 1098 2901 mea,
1124 2813 1229 2884 intra
1247 2835 1316 2882 car·

309 2956 399 3006 neas
421 2930 534 3005 fibras
560 2933 712 3020 lateret,
734 2933 799 3004 sed
825 2934 935 3004 etiam
965 2931 1123 3003 interius
1155 2928 1318 3028 ideoque
1399 2943 1401 2954 ⁴

311 3049 460 3148 planius
478 3051 635 3150 intelligi
655 3065 801 3150 posset,
820 3050 859 3120 in
874 3075 917 3121 os
935 3051 1034 3146 ipsas
1051 3071 1132 3120 esse
1148 3063 1318 3119 mutatas

311 3167 369 3240 Ad
384 3168 481 3240 hanc
502 3169 807 3242 observationem
818 3167 906 3240 addi
921 3189 1025 3238 nunc
1043 3164 1156 3238 video
1168 3165 1321 3238 alteram

311 3288 404 3358 ossis
428 3289 548 3360 multo
573 3275 766 3386 amplioris
789 3303 831 3360 ut
857 3285 960 3384 quod
990 3309 1127 3356 manus
1158 3283 1320 3382 palmam

312 3405 593 3503 propemodum
620 3421 804 3503 oequaret‚
838 3429 952 3502 seque
988 3401 1036 3474 ab
1071 3400 1321 3474 exterioribus

314 3521 440 3593 cordis
459 3520 624 3634 faciebus
638 3539 675 3596 et
693 3549 714 3594 a
730 3523 940 3622 posteriore
951 3520 1159 3620 praesertim
1173 3517 1219 3590 ad
1231 3520 1322 3590 inte-

353 3826 397 3903 (ι)
419 3824 557 3881 Animsd.
575 3831 621 3890 14.

354 3925 400 4002 (α)
419 3925 489 3981 Vid.
502 3925 596 4000 Epist.
614 3921 665 3996 45,
680 3941 709 3979 n.
725 3924 761 3982 23
773 3936 802 3980 et
813 3923 862 3980 26.

355 4025 399 4101 (3)
421 4027 549 4084 Praelsct.
565 4025 604 4084 ad
615 4025 709 4084 instit.
726 4024 844 4098 §478-n
