2800 4674
277 483 341 534 102
432 477 478 527 DE
505 474 650 526 SEDIBUS
675 477 719 522 ET
745 473 867 521 causls
896 471 1106 523 MORBORUM

272 587 462 694 sanguinis
481 616 627 663 causam
642 613 822 687 quaeram,
838 613 909 660 nec
921 589 1108 679 viamen,
1126 587 1273 689 amplis·

272 715 439 843 sim'aque
456 709 601 796 relicta,
619 705 817 804 obliquos,
837 721 1089 805 angustosque
1110 709 1273 780 tramites

272 831 419 928 sequar,
436 826 639 925 praesertim
653 823 773 895 donec
791 825 998 896 meminero
1010 850 1137 896 earum
1147 823 1272 896 obser

271 949 485 1030 vationum,
507 967 599 1040 quas
616 941 731 1012 ohm
723 967 762 1012 m
747 935 1030 1046 disputatione
1046 966 1215 1028 mecum
1232 957 1273 1012 ut

273 1061 462 1150 solebat,
451 1062 567 1132 amice
585 1059 768 1133 habitam
783 1059 1011 1132 Bononiensi
1035 1058 1273 1131 scientiarum

273 1172 462 1252 academia
485 1179 683 1276 proposuit
705 1175 890 1266 Nannius,
911 1201 1036 1290 presse
1056 1177 1216 1248 nimium
1236 1178 1275 1248 in

273 1299 399 1368 vetere
411 1295 474 1367 itta
487 1295 622 1368 scheda
637 1293 835 1394 indicatas,
850 1310 886 1365 et
900 1318 975 1392 qua
987 1319 1069 1367 una
1078 1289 1203 1392 potuit
1218 1295 1276 1365 vir

274 1413 503 1510 caeteroquin
537 1437 615 1482 non
642 1411 766 1482 minus
796 1406 963 1510 diligens
984 1436 1097 1509 quam
1122 1410 1274 1500 doctus,

274 1533 340 1629 qui
358 1541 463 1602 nunc
487 1553 626 1626 magno
644 1540 712 1600 suo
732 1529 865 1600 merito
882 1527 935 1599 illi
960 1528 1154 1600 academiae
1175 1522 1206 1599 a'
1221 1554 1274 1601 se-

275 1649 460 1735 cretisest,
472 1647 511 1716 in
523 1644 689 1742 ejusdem
701 1644 1272 1743 commentariis(1)describere.

274 1763 444 1834 Nannius
462 1763 563 1834 enim
580 1761 631 1833 sic
648 1763 842 1851 narrabat,
860 1777 901 1833 ut
911 1787 981 1860 ego
992 1763 1056 1832 illo
1071 1761 1204 1833 eodem
1216 1761 1275 1834 die

275 1881 465 1952 memoriae
479 1903 588 1951 causa
598 1879 692 1950 mihi
705 1877 879 1951 adnotavi
894 1906 901 1948 :
920 1881 959 1950 in
975 1903 1017 1950 ea
1031 1876 1276 1977 pleuritidum

278 1997 462 2097 epidemia
487 1997 629 2094 inqua
654 1997 715 2066 vix
736 2021 854 2067 unum
878 2011 941 2067 aut
967 1991 1123 2068 aiteru'm
1145 1995 1277 2096 pleura

277 2115 455 2186 duntaxat
469 2115 552 2186 laesa
569 2112 837 2211 deprehendit,
853 2113 999 2211 hosque
1015 2129 1185 2186 mortuos
1196 2115 1276 2185 sine

277 2247 386 2330 sputo
398 2231 622 2327 sanguineo,
629 2231 722 2300 utin
736 2225 1279 2360 commentariisscriptumest,

278 2363 429 2420 caeteros
443 2347 504 2444 <id
515 2345 618 2443 quod
633 2345 685 2416 ibi
700 2347 853 2417 minime
869 2347 1003 2445 leges)
995 2373 1034 2418 in
1048 2345 1185 2448 quibus
1201 2348 1282 2464 pul·

274 2483 407 2538 mones
436 2463 670 2561 potissimum
701 2463 805 2534 laesos
832 2461 1072 2552 offenderat,
1094 2467 1160 2563 qui
1189 2489 1275 2538 sane

277 2581 546 2680 quamplurimi
576 2577 748 2668 fuerunt,
781 2605 912 2652 omnes
940 2582 1084 2680 praeviis
1111 2583 1276 2654 cruentis

276 2701 395 2798 sputis
404 2697 612 2770 decessisse.
624 2689 869 2798 Nunc'itaque
880 2699 1056 2797 intelligis
1070 2712 1147 2770 tum
1160 2725 1274 2798 quare

186 2891 188 2896 ,
277 2817 443 2889 sibinen
464 2815 711 2888 omittendum
733 2817 933 2915 putaverit,
955 2817 993 2886 in
1014 2815 1164 2889 duobus
1183 2815 1274 2906 illis,

276 2933 462 3030 ejusmodi
481 2949 586 3032 sputa
606 2931 783 3023 defuisse,
798 2948 884 3006 tum
903 2931 997 3031 quid'
1014 2933 1106 3004 mihi
1126 2933 1226 3005 ab
1194 2959 1273 3030 eJus

277 3047 637 3122 observationibus
629 3077 667 3121 tn
691 3077 770 3123 rem
799 3061 1016 3186 praesentem
1039 3051 1232 3122 indicari
1223 3051 1273 3120 vi·

278 3167 437 3239 deatur.

288 3282 384 3370 ’.43
413 3284 554 3356 Eodem
572 3283 631 3355 die
655 3285 809 3357 memini
829 3309 911 3382 quae
933 3286 972 3386 in
998 3285 1219 3357 nosocomio
1241 3287 1274 3354 S.

279 3401 403 3471 Mariae
413 3399 539 3472 devita
550 3403 628 3501 ipse
638 3402 804 3473 videram
819 3402 864 3472 in*
874 3401 1024 3475 duobus
1034 3403 1276 3474 adolescenti-

279 3517 369 3606 bus,
384 3518 448 3589 sed
461 3519 500 3588 in
511 3519 583 3590 alio
594 3519 666 3590 alio
682 3531 962 3618 tempore,c'um
974 3516 1162 3592 academia
1177 3521 1278 3591 com-

280 3638 499 3708 municasse.
512 3638 614 3708 Alter
624 3661 669 3707 ex
683 3634 820 3736 frigore
831 3653 984 3710 externo
996 3653 1191 3736 correptus
1203 3636 1279 3709 fue·

796 3851 1277 3872 ὴ--ι--ι--ω

317 4005 360 4083 (ι)
380 4009 464 4063 Tem.
486 4025 518 4077 1,
535 4005 612 4062 inter
624 4005 748 4065 medica.
