2824 4668
130 489 199 536 trs.
226 490 266 536 11.
285 487 341 549 xnu
367 483 503 536 uoaars
528 452 724 552 raonicrs,
748 487 860 536 emer.
887 489 984 536 xxrv.
1015 462 1084 538 353

78 601 332 700 prejudicium
334 603 527 694 feramus,
542 598 755 673 carendum.
770 601 911 674 Multos
925 625 1017 673 sone
1027 601 1088 674 de-

84 725 192 818 cepit.
219 724 338 792 Sectio
358 719 581 792 cadaverum
604 723 787 789 cautiores
807 721 958 815 efficiat.
979 720 1088 812 Poly-

81 859 158 933 pos
176 842 272 908 enr'rn
299 843 486 935 reperias,·
515 849 553 908 et
576 833 735 932 (equalis
762 850 800 905 et
823 841 1091 930 constans‘suit

78 953 215 1050 pulsus
235 953 398 1051 :polypi
417 952 573 1039 desunt,
597 965 635 1022 et
658 973 768 1022 omne
798 957 923 1024 vitium
937 957 1024 1046 ficit
1052 961 1090 1025 in

77 1070 198 1167 pulsu
209 1043 488 1168 deprehensum.
511 1071 698 1142 Ceterum.
706 1067 885 1166 pulsuum
899 1071 987 1141 vitia
1007 1095 1091 1142 om·

87 1187 171 1273 nia,
191 1202 255 1259 aut
269 1187 414 1284 plures,
439 1201 481 1257 ut
501 1187 620 1275 nosti,
638 1200 704 1256 aut
722 1185 886 1284 singulas
909 1185 1092 1285 pulsatio·
1166 1191 1168 1197 '

89 1327 157 1376 nes
176 1302 406 1377 attendendo
419 1356 429 1392 ,
444 1301 798 1401 deprehenduntur.
818 1302 949 1376 Plures
971 1316 1091 1376 atten-

89 1420 239 1511 dendo,
253 1437 434 1494 etomnes
443 1418 543 1492 inter
556 1443 613 1509 se,
630 1419 736 1518 quod
749 1418 934 1492 adomnia
948 1425 1092 1512 attinet,

90 1538 365 1638 comparando,
384 1537 633 1634 inaequalitas,
649 1552 686 1609 et
702 1535 808 1634 quod
825 1537 871 1608 ad
889 1563 1093 1611 numerum

88 1657 189 1730 intra
204 1670 350 1729 certum
366 1670 535 1752 tempus,
551 1654 798 1737 intermissio,
811 1668 848 1724 et
863 1653 895 1725 si
908 1653 987 1726 haec
999 1658 1094 1727 mul*

89 1788 129 1845 to
146 1775 407 1872 longissimum
417 1780 575 1868 'tempus
588 1768 701 1842 duret
714 1768 909 1866 asphyxia,
931 1791 1094 1870 cognos-
1139 1813 1141 1816 ·

93 1906 245 1980 cuntur,
255 1889 308 1987 *de
320 1887 460 1986 quibus
468 1887 653 1964 hactenus
664 1885 808 1960 dictum
823 1901 1096 1986 est,praeterea
1194 1956 1199 1962 .

93 2025 158 2081 aut
173 2007 404 2104 frequentia,
417 2020 483 2078 aut
507 2005 647 2078 raritas.
677 2004 848 2102 Singulas
866 2020 991 2078 autem
1011 2006 1096 2104 pul·

93 2128 257 2198 sationes
273 2122 523 2210 attendendo,
540 2123 709 2195 celeritas
723 2138 787 2194 aut
805 2122 977 2212 tarditas,
991 2123 1106 2198 duri--

92 2243 165 2316 ties
180 2257 245 2314 aut
262 2241 452 2328 mollitieS,
471 2239 691 2338 magnitudo
704 2255 767 2312 aut
785 2243 962 2339 parvitas,
981 2241 1109 2314 vehe-·

80 2361 237 2432 ,mentia
248 2355 315 2432 'aut
329 2357 522 2447 debilitas,
543 2359 628 2432 etsi
648 2381 724 2455 qua
742 2373 830 2430 sunt
846 2359 915 2430 alia
934 2358 1011 2432 huc
1030 2359 1096 2432 ad·

95 2475 242 2566 denda;
260 2475 379 2548 fateor
396 2475 519 2563 enim,
541 2471 611 2546 hac
640 2476 679 2545 in
709 2490 816 2572 parte
836 2477 947 2548 nimis
974 2478 1098 2576 largos

94 2591 209 2668 fuisse
219 2595 391 2690 Majores.
406 2595 484 2664 Nec
497 2607 623 2664 tamen
637 2594 667 2664 si
679 2594 842 2666 vicissim
854 2597 1098 2670 Recentiores

96 2711 278 2809 quosdam
290 2713 481 2810 parciores
491 2707 646 2782 fortasse
660 2709 803 2800 dixero,
821 2735 934 2808 quam
948 2707 1097 2811 equum

96 2829 163 2917 sit,
178 2830 217 2902 id
229 2829 418 2901 immerito
431 2853 521 2899 ame
532 2827 675 2900 dictum
685 2829 846 2931 putabis.
855 2832 986 2926 Neque
996 2833 1099 2907 enim
1112 2871 1116 2886 ·

95 2946 267 3043 profecto
282 2971 432 3020 necesse
450 2962 520 3034 est,
532 2960 575 3016 ut
587 2944 801 3043 frequentes
819 2971 951 3022 omnes
968 2949 1100 3045 pulsus

96 3063 170 3136 sint
192 3065 350 3153 celeres,
370 3087 495 3160 neque
520 3078 563 3134 ut
587 3085 719 3135 omnes
743 3061 851 3149 duri,
880 3077 945 3132 aut
964 3087 1099 3137 omnes

94 3183 226 3280 magni
243 3183 318 3256 sint
339 3181 603 3266 vehementes,
625 3177 728 3276 quod
754 3179 879 3250 minus
897 3179 1120 3256 attendisse*

95 3298 217 3372 videri
238 3293 405 3399 possunt·
417 3299 485 3397 qui
505 3297 753 3383 celeritatem,
785 3293 961 3370 duritiem
986 3314 1024 3370 et
1044 3301 1102 3372 ni-

95 3416 209 3488 miam
224 3415 545 3514 magnitudinem,
561 3429 597 3488 et
609 3413 669 3484 his
682 3414 870 3484 contraria
892 3414 982 3486 vitia
1005 3420 1102 3489 omi-.-

97 3548 238 3606 serunt.
265 3537 312 3604 At
333 3532 445 3627 enim
473 3532 642 3608 celeritas
669 3545 733 3602 aut
758 3529 928 3621 tarditas,
958 3549 1101 3632 puncto

98 3652 282 3752 temporis
300 3649 406 3748 quod
424 3673 499 3720 una
518 3649 681 3746 pulsatio
693 3649 754 3726 vix
766 3646 893 3738 durat,
913 3665 1016 3722 tactu
1031 3650 1103 3721 dis·

103 3771 221 3864 tingui
237 3792 314 3838 non
328 3781 500 3870 possunt.
527 3766 662 3844 Facile,
675 3790 760 3836 cum
783 3766 928 3837 Bellino
946 3765 1005 3863 (ι)
1027 3766 1102 3840 hoc

138 4025 183 4106 (ι)
202 4031 247 4088 ne
262 4028 407 4088 smnus

176 4127 208 4208 3.
916 4125 962 4206 23
