2824 4668
282 447 351 535 342
443 466 490 516 ne
516 463 664 516 semaus
689 463 734 514 rr
759 465 884 514 causis
910 466 1121 517 notrorum

278 582 544 670 laudabamus,
569 580 764 652 Archiater
786 579 833 652 ab
862 579 1051 676 ejusmodi
1074 583 1189 682 pulsu
1211 609 1289 659 non

277 701 488 802 diaguosim
505 701 654 798 polypi,
673 698 738 771 sed
755 699 1010 797 suspicionem
1028 700 1213 776 duntaxat
1232 727 1288 777 re·

275 822 356 920 peti
375 841 484 919 posse
502 818 700 890 censuerit.
716 821 764 889 At
777 819 900 908 enim,
917 813 1075 892 fortasse
1093 819 1156 891 bic
1173 821 1287 913 dices,

278 938 390 1038 quid,
420 939 450 1008 si
486 936 679 1032 inaequalis
716 935 895 1034 pulsuum
929 935 1164 1034 inaequalitas
1188 939 1287 1012 ultra

279 1056 378 1127 diem
399 1053 755 1152 undetrigesimum,
781 1069 824 1124 ut
849 1055 890 1123 in
910 1049 1085 1152 pluribus
1108 1055 1286 1132 accidisse

278 1175 476 1262 novimus,
495 1171 752 1272 producatur,
769 1186 807 1242 et
821 1169 1029 1246 diutissime
1049 1175 1288 1272 perseveret?
1404 1223 1405 1234 η

282 1295 381 1366 Huic
398 1307 522 1363 autem
542 1289 739 1388 quaestioni
760 1289 927 1362 occurrit
941 1293 1048 1362 Pasta
1065 1288 1147 1386 (ι),
1174 1305 1286 1390 atque
1404 1359 1405 1378 ,

278 1413 425 1484 utinam
444 1435 492 1480 ne
506 1407 717 1480 inciderent
736 1407 870 1506 saepius
882 1427 933 1478 eae
946 1406 1093 1480 cerebri
1117 1423 1185 1479 aut
1202 1431 1286 1480 ner-

279 1547 414 1600 vorum
430 1527 618 1614 laesiones,
631 1551 714 1624 quae
726 1547 853 1622 neque
868 1523 992 1597 sanari
1014 1539 1196 1622 possunt,
1223 1546 1287 1596 ne·

280 1671 356 1746 que
371 1646 524 1733 mutari,
543 1667 665 1740 eoque
682 1663 804 1719 annos
821 1664 935 1740 qnam
953 1641 1081 1740 plures
1098 1657 1287 1741 perstant,

280 1762 376 1838 etad
396 1777 556 1836 mortem
575 1785 705 1858 usque.
724 1757 963 1857 Ejuscemodi
975 1771 1101 1832 autem
1118 1761 1287 1834 ioesiones
1404 1755 1405 1774 ¹

280 1905 365 1953 cum
387 1905 537 1953 sensum
556 1879 784 1978 plerumque
796 1875 961 1975 fugiant,
975 1878 1115 1949 mirum
1129 1894 1288 1979 nonest,

286 2002 318 2073 si
334 2014 397 2070 aut
415 2022 498 2069 cum
510 1998 608 2068 vitiis
621 1995 768 2082 cordis,
786 2009 849 2068 aut
866 1995 1017 2067 sine'his
1029 1995 1068 2064 in
1081 2019 1219 2067 eorum
1238 2019 1289 2068 ca·

284 2115 500 2204 daveribus,
512 2116 579 2212 qui
591 2114 690 2184 varie
705 2113 879 2210 inaequaii
890 2112 1005 2211 pulsu
1018 2110 1178 2202 fuerim,
1195 2113 1287 2185 nibil

281 2233 509 2332 quidquam,
530 2233 589 2302 cui
606 2233 792 2330 imputare
811 2229 916 2302 bunc
935 2230 1063 2320 liceat,
1081 2230 1287 2330 deprehen

280 2351 402 2422 datur.
426 2350 503 2420 Etsi
514 2351 618 2441 enim
637 2348 844 2420 illa‘cordis
863 2349 951 2420 vitia
978 2349 1165 2446 ejusmodi
1191 2354 1286 2437 sint,

278 2481 323 2540 ut
343 2491 446 2538 nunc
464 2466 616 2564 quidem
629 2466 811 2538 advunum
824 2459 999 2556 modum,
1013 2467 1161 2538 moxed
1171 2469 1285 2540 alium

280 2583 475 2662 scitabere
497 2609 576 2655 non
594 2585 806 2683 potae-rium
824 2599 861 2656 at
875 2605 913 2656 se
930 2586 1056 2682 potuit
1069 2586 1117 2657 ad
1140 2580 1205 2656 iiia
1224 2585 1285 2658 ad·

280 2702 370 2774 dere
392 2723 596 2776 nervorum
615 2702 715 2773 laesio
730 2701 834 2773 unde
852 2704 1072 2775 ea-tarietas
1091 2705 1284 2793 existeret,

279 2845 363 2922 quae
378 2821 490 2892 etiam
501 2821 580 2892 sine
596 2819 669 2891 iliis
684 2819 783 2896 vitiis
800 2819 889 2891 inde
904 2839 985 2893 esse
1000 2836 1135 2920 potest,
1145 2837 1190 2893 nt
1208 2847 1285 2894 non

193 3021 196 3030 ,
278 2937 522 3036 improbabili
546 2935 780 3008 dubitatione
796 2962 816 3008 a
829 2941 935 3010 Pasta
950 2937 1157 3011 indicatum
1170 2955 1236 3012 est.

330 3057 388 3129 30.
403 3058 488 3127 Non
505 3070 559 3128 est
572 3055 665 3126 mihi
681 3056 721 3124 in
737 3056 865 3156 animo
879 3057 1007 3127 omnia
1021 3057 1103 3153 ejus
1120 3059 1286 3156 epistoia

281 3177 402 3271 capita
419 3183 661 3272 percensere,
683 3191 798 3270 quam
813 3173 935 3271 legere
955 3199 1025 3272 per
1036 3189 1078 3246 te·
1087 3177 1227 3272 possis,
1251 3191 1286 3249 et

278 3289 435 3362 fortasse
458 3293 535 3387 jam
563 3292 706 3392 legeris.
736 3291 829 3362 Satis
851 3305 926 3379 est,
962 3292 992 3363 si
1019 3291 1164 3381 dicam,
1189 3293 1285 3366 nibil

279 3405 397 3480 ferme
417 3433 548 3480 eorum
562 3433 642 3482 esse
656 3401 854 3496 omissum,
865 3433 947 3506 quae
958 3407 1050 3482 binc
1062 3429 1286 3507 permovere

279 3524 626 3614 hominesdehent,
644 3541 688 3598 ut
701 3525 895 3614 dubitent,
913 3551 1006 3600 num
1019 3528 1145 3602 sintin
1158 3518 1284 3604 vitien-

278 3641 380 3714 tibus
397 3644 546 3742 polypi;
571 3641 660 3714 hinc
683 3668 791 3730 vero,
812 3659 863 3716 ut,
879 3644 1004 3716 minus
1024 3642 1218 3735 confidant
1240 3645 1283 3716 iis
1402 3637 1403 3652 ¹

313 4013 477 4092 oia-11-
