2800 4674
155 469 229 516 mn.
260 469 305 516 11.
333 469 380 516 ne
406 463 543 516 morters
568 463 896 532 menrasense.
924 469 1011 516 xxrr.
1045 452 1108 535 141

94 579 214 656 fuisse
236 583 464 668 audivimus.
482 584 540 652 Sic
558 580 731 654 eumdem
751 583 790 650 in
813 585 1010 663 meretrice
1037 588 1115 658 val·

95 701 143 776 de
171 699 313 776 laesum
341 698 454 774 fuisse
488 699 720 797 accepimus,
750 699 858 794 cujus
889 703 1112 794 nonnullas,

93 818 186 890 alias
202 819 444 918 inspeximus
460 831 585 915 partes
596 816 666 888 sub
676 815 791 890 finem
802 819 892 888 anni
911 821 1013 916 1716.
1027 827 1112 894 Haec

93 951 173 1032 pus'
198 961 295 1008 cum
324 938 442 1034 sputis
463 947 788 1032 expectoraverat,
807 950 844 1006 et
868 934 935 1008 diu
950 963 1111 1014 venerea

94 1051 289 1126 febricula
305 1068 492 1126 macerata
505 1050 647 1139 fuerat,
667 1066 709 1122 ut
730 1051 770 1122 in
790 1052 968 1127 cadavere
989 1083 1109 1132 mam·

94 1195 249 1246 marum
262 1197 384 1270 neque
395 1174 554 1266 vestigia
566 1183 775 1257 exstarent,
790 1169 885 1244 soloe
903 1187 1028 1244 autem
1034 1201 1111 1273 pa·

88 1288 202 1386 pr‘llae
230 1306 490 1376 cernerentur,
516 1286 839 1386 quemadmodum
865 1289 904 1360 in
933 1289 1111 1388 phthisici

95 1409 277 1506 corporis
288 1407 541 1514 descriptione
551 1407 721 1502 loquitur
732 1409 894 1478 Aretoeus
910 1406 977 1504 (1)
996 1411 1055 1482 Sic
1069 1413 1109 1483 in

92 1526 304 1598 meretrice
316 1526 431 1600 altera
450 1539 536 1623 post
553 1523 691 1596 similes
705 1521 1003 1620 phthisisnotaS,
1021 1555 1110 1626 qua-

93 1640 148 1717 les
165 1643 382 1741 pulmones
410 1641 582 1714 Valsalva
602 1642 807 1728 invenerit,
827 1665 916 1712 mox
932 1643 986 1739 (a)
1004 1645 1109 1720 vide·
1212 1665 1214 1673 ’

92 1757 167 1832 bis.
181 1763 299 1832 Nunc
315 1761 417 1833 enim
434 1761 653 1858 priusquam
667 1758 713 1829 ad
728 1757 1110 1854 phthisicorumtran·
1218 1755 1221 1761 ¹

91 1898 249 1950 scamus
265 1876 464 1962 historias,
484 1873 555 1944 alia
568 1887 686 1946 restat
701 1873 878 1970 empyici,
894 1898 1008 1970 quam
1022 1901 1109 1950 con-

90 1994 207 2064 tinuo
229 1991 497 2064 describemus.
1124 2077 1132 2092 .

150 2135 206 2182 12.
225 2111 295 2182 Vir
311 2107 465 2208 quidam
481 2133 502 2180 a
516 2109 730 2208 praegressis
750 2109 976 2206 quibusdam
994 2109 1107 2186 febri-

92 2227 171 2300 bus
182 2217 580 2298 libereristimabetur.
590 2224 913 2323 Sedpostmodum
923 2233 1107 2328 conqueri

95 2341 146 2416 de
164 2344 229 2416 siti
249 2345 382 2442 coepit,
400 2341 622 2440 difficilique
638 2344 905 2440 respiratione,
926 2361 966 2418 ut
984 2345 1106 2422 erecta

97 2464 249 2534 cervice
257 2463 430 2561 spiritum
441 2462 581 2537 ducere
592 2477 810 2559 cogeretur,
827 2461 874 2534 de
891 2466 1107 2538 sensuitem

97 2580 298 2676 cujusdam
310 2580 490 2678 ponderis
504 2581 543 2650 in
557 2578 683 2650 medio
695 2579 868 2651 thoracis.
879 2582 1106 2654 Decubitum

99 2697 139 2768 in
158 2699 354 2770 sinistrum
365 2698 461 2768 latus
473 2694 570 2769 ferre
582 2696 689 2768 nullo
699 2712 811 2795 pacto
823 2713 980 2794 poterat.
991 2695 1106 2790 Quod

98 2817 131 2886 si
147 2831 330 2914 praeterea
351 2814 534 2888 oedemate
555 2814 671 2912 pedes
695 2816 979 2905 intumuissent,
998 2814 1105 2890 nullo

101 2947 228 3006 autem
245 2931 361 3004 modo
376 2931 595 3021 tumebant,
614 2928 717 3002 haud
732 2932 896 3002 alienum
918 2930 1047 3006 fuisset
1059 2935 1106 3008 de

103 3045 276 3149 hydrope
297 3049 462 3122 thoracis
483 3048 667 3120 dubitare.
692 3051 778 3120 Post
801 3063 963 3120 mortem
980 3066 1105 3124 autem

103 3189 321 3268 empyema,
346 3169 421 3240 sive
451 3191 522 3266 pus
547 3166 698 3265 replens
722 3167 915 3238 sinistrum
943 3165 1107 3244 thoracis

105 3305 259 3374 cavum,
274 3288 484 3383 'repertum
510 3299 574 3370 est.
610 3281 755 3353 Sinistri
781 3281 973 3379 pulmonis
998 3285 1108 3361 lohus

106 3404 279 3500 superior
301 3402 537 3500 aliquantum
568 3398 814 3472 induruerat:
836 3414 873 3470 et
896 3425 972 3496 qua
999 3402 1107 3474 clavi·

106 3520 230 3594 culam
255 3517 464 3618 spectabat,
484 3517 685 3603 vesiculas,
707 3541 753 3586 ex
777 3515 917 3612 quibus
942 3537 1107 3611 constat,

108 3637 245 3712 mirum
258 3640 299 3710 in
319 3634 477 3708 modum
499 3647 625 3706 auctas
644 3631 829 3722 hahebat3
853 3649 896 3707 ut
918 3635 1109 3709 nonnullae

148 3923 191 4003 (t)
213 3927 350 3983 Demus.
364 3928 471 3978 etnot.
487 3917 765 3976 decumanam.
781 3935 808 3992 r,
824 3935 851 3972 c.
868 3915 896 3972 8.

148 4020 249 4101 (1)Ν.
275 4019 322 4080 15.
