2850 4668
229 423 297 472 mn.
324 423 365 471 11.
393 423 440 470 nn
466 419 958 487 nonatsruonacrs,nr1sr.
986 427 1058 473 ιιι.
1111 401 1158 492 45

145 537 271 636 ninge
295 537 402 610 tenui
422 528 622 635 conspecta
642 550 719 624 est;
741 535 780 606 in
804 539 1022 612 ventriculis
1042 520 1159 612 ferme

147 653 271 725 nulla.
285 657 418 752 Neque
435 668 513 725 erat
525 651 722 724 cerebrum
738 649 895 722 omnino
907 653 1032 727 laxum
1049 685 1056 726 :
1076 657 1160 729 cho-

144 770 281 860 roides
296 785 420 842 autem
436 769 565 868 plexus
583 767 681 840 bene
700 793 738 840 se
753 767 954 864 habebant
971 771 1159 846 Glandula

148 901 281 960 tamen
305 887 465 1018 pinealis
488 911 532 957 ea
555 883 836 982 magnitudine,
859 901 902 957 ut
927 886 1157 962 mediocrem

146 1025 233 1077 uvae
258 1004 408 1075 acinum
436 1001 715 1102 propemodum
739 1019 915 1100 aequaret,
939 1004 1000 1074 vix
1026 1005 1157 1079 leviter

150 1121 277 1196 cultro
287 1135 465 1209 tactaest
481 1145 567 1192 cum
578 1142 714 1218 aquam
724 1119 935 1207 turbidam
951 1137 987 1193 et
996 1146 1155 1220 paucam

147 1240 347 1312 materiam
363 1236 568 1310 subflavam
587 1261 630 1308 ac
649 1261 844 1309 mucosam
863 1239 999 1328 emisit,
1011 1243 1156 1314 emissa-

149 1381 229 1454 que
248 1356 444 1428 detumuit.
457 1361 563 1426 Tunc
576 1353 731 1427 auribus
745 1356 1004 1453 introspectis,
1017 1359 1154 1432 utrius-

150 1475 229 1572 que
249 1474 419 1572 tympani
438 1471 880 1570 membranauigricans‚
900 1489 937 1544 et
950 1471 1156 1548 flaccidissi·

149 1615 214 1662 ma
227 1591 304 1663 visa
319 1606 389 1680 est,
401 1605 483 1663 tum
497 1575 650 1688 utrique
665 1591 836 1722 proxime
851 1589 1003 1686 adjectae
1013 1591 1153 1664 cellulae

149 1707 364 1782 mastoideae
383 1709 494 1780 nimis
514 1707 702 1780 humidae.
724 1707 818 1806 quin
845 1707 996 1779 altero
987 1734 1026 1779 m
1056 1725 1153 1840 tym-

148 1850 258 1958 pano·
265 1827 419 1898 materia
436 1849 543 1922 quasi
530 1825 780 1922 pu2rulenta
800 1825 962 1896 exterius
975 1814 1099 1896 autem
1113 1825 1154 1896 in

148 1945 326 2042 proximo
344 1942 541 2038 occipitio,
564 1939 611 2010 ad
632 1939 818 2010 sinistram
843 1941 1047 2035 praesertim
1068 1966 1155 2038 par-

148 2075 230 2131 tem
237 2057 450 2157 ‚quidquid
463 2056 713 2129 cellularum
703 2080 743 2125 m
762 2055 1029 2128 communibus
1048 2072 1153 2156 tegu-

151 2192 291 2248 mentis
301 2191 355 2249 est
363 2175 495 2273 q‚uasi
511 2197 665 2246 mucosa
676 2197 773 2270 aqua
788 2141 1006 2244 distentum.
1025 2175 1153 2246 Utrin-

142 2274 225 2393 ‘que
243 2309 367 2366 tamen
384 2293 525 2391 parutis
538 2291 729 2388 glandula,
739 2305 776 2361 et
789 2305 932 2362 meatus
944 2290 1152 2366 auditorius

148 2435 239 2485 sana
249 2408 418 2483 'fuerunt
430 2413 610 2481 Ventrem
630 2407 793 2506 denique
811 2407 871 2478 vel
898 2407 947 2478 ob
968 2408 1007 2480 id
1024 2409 1150 2488 ,reclu-

151 2528 240 2600 dere
257 2528 378 2600 visum
393 2541 464 2615 est,
482 2525 586 2623 quod
603 2524 651 2598 ah
669 2525 869 2624 epigastrio
893 2523 1070 2597 deorsum
1090 2541 1151 2599 tu·

151 2659 293 2734 meret,
308 2645 414 2741 sique
424 2667 511 2715 eum
523 2665 713 2740 premeres
727 2657 936 2731 tumorem,
948 2639 1151 2716 flatuscon·

150 2761 259 2856 tinuo
285 2786 353 2860 per
377 2785 421 2832 os
439 2759 648 2859 prodirent.
679 2760 798 2857 Igitur
819 2759 945 2856 jecur,
979 2763 1150 2832 omnium

153 2904 234 2978 quae
249 2879 296 2951 ad
308 2878 347 2950 id
357 2893 506 2976 tempus
519 2876 704 2964 videram,
722 2875 947 2964 maximum,
963 2879 1150 2950 ventricu-

151 2995 234 3068 lum
254 2997 294 3067 iu
317 2997 510 3094 regionem
527 2993 785 3066 'umbilicalem
810 2992 1053 3090 compulerat.
1082 2995 1150 3066 Hic
1211 3087 1215 3092 ἧ

152 3127 232 3186 erat
248 3137 333 3186 aere
351 3111 528 3186 tumidus.
547 3111 646 3183 Illud
665 3135 755 3184 vero
769 3110 906 3181 durum
917 3109 1077 3207 ubique;
1089 3135 1150 3182 co·

153 3227 231 3301 lore
248 3243 392 3318 tamen,
409 3229 578 3327 quamvis
598 3228 645 3300 ad
659 3227 787 3300 album
799 3242 986 3324 vergeret,
1005 3229 1151 3299 nonita

154 3345 318 3442 denique
330 3344 378 3418 ab
391 3371 525 3444 eoquo
539 3370 618 3446 esse
633 3345 744 3432 solet,
763 3344 896 3416 alieno.
924 3347 969 3415 ln
988 3346 1069 3442 ejus
1087 3370 1149 3418 ve·

154 3463 291 3552 sicula,
301 3461 387 3534 bilis
406 3465 514 3561 quasi
533 3461 777 3560 nigrescebat.
792 3463 883 3534 Lien
896 3487 1076 3560 magnus3
1094 3465 1152 3532 ni-

153 3577 207 3650 hil
221 3593 346 3652 tamen
363 3579 410 3652 ad
427 3579 554 3678 hepar.
568 3580 674 3652 Uteri
683 3580 843 3677 parietes
858 3579 926 3651 visi
939 3595 1027 3651 sunt
1038 3580 1152 3677 paulo
1240 3669 1243 3676 Ἰ

154 3697 365 3787 crassiores,
376 3721 581 3796 exsangues
600 3712 744 3785 tamen,
760 3697 835 3768 sive
853 3697 955 3794 ipsos
970 3712 1153 3768 transver-
1196 3741 1244 3778 x
1319 3684 1329 3688 ’

156 3838 214 3886 sos
234 3813 462 3902 inciderem,
479 3815 554 3886 sive
572 3811 696 3910 digitis
713 3811 843 3886 subtus
864 3813 1048 3911 appressis
1068 3836 1153 3885 san·

155 3931 303 4029 guinem
322 3955 368 4002 ex
383 3929 514 4002 intima
525 3953 606 4028 quae
620 3927 732 4002 livida
751 3943 846 4018 erat,
866 3925 974 4002 fundi
981 3952 987 4010 ,·
994 3927 1151 4026 superfi·
1163 3967 1179 4064 -χ
