2800 4674
273 397 339 471 168
432 418 478 465 ua
505 413 650 466 samius
675 417 719 466 ar
745 411 868 466 crusis
894 417 1102 469 nonnarum

269 537 378 608 etiam
414 533 521 604 aliter
553 531 750 630 explicari,
787 532 1098 622 indicaverimus3
1130 533 1267 604 idcirco

268 673 348 723 eam
373 671 485 748 quam
510 649 625 720 modo
652 651 961 738 memoravimu5‚
983 666 1020 722 et
1040 667 1132 722 tunc
1158 653 1265 724 etiam

266 769 476 864 attigimus,
497 763 958 865 explicationem'prorsus
979 767 1178 866 displicere
1203 791 1265 836 no·

265 883 343 972 bis,
367 883 644 954 existimaveris.
676 885 779 973 Quin
804 885 934 956 eadem
958 886 1097 982 posita,
1122 883 1267 982 planius

266 1001 425 1098 intelligi
438 1000 624 1072 rationem
644 998 821 1090 fatemur,
838 1027 920 1100 quae
935 1003 1199 1074 Mercurialem
1216 999 1266 1098 (1)

267 1135 304 1191 et
321 1119 574 1190 Gavassetium
587 1118 641 1215 (a)
651 1121 855 1216 permovit,
872 1136 914 1194 ut
931 1120 1151 1193 decubitum
1169 1121 1267 1218 supi·

264 1236 382 1324 num,
407 1252 443 1308 et
457 1236 618 1310 demisso
635 1239 755 1335 capite
777 1240 1007 1337 imperarent
1025 1238 1072 1310 ad
1096 1240 1266 1336 gravissi-

266 1381 346 1427 mas
367 1355 636 1452 diuturnaeque
653 1355 699 1426 ab
720 1355 795 1427 hoc
819 1358 858 1428 in
877 1357 1071 1428 thoracem
1087 1356 1267 1428 defluxio-

255 1497 353 1561 ·nes,
370 1474 410 1543 in
427 1473 672 1570 oesophagum
692 1475 837 1570 potius,
852 1489 889 1548 et
901 1474 1154 1546 ventriculum
1168 1483 1266 1544 aver·

265 1590 407 1662 tendas.
422 1591 479 1660 Sic
499 1591 599 1661 enim
620 1591 762 1689 primus
789 1615 834 1662 eo
851 1616 930 1662 uno
951 1590 1090 1662 auxilio
1112 1595 1265 1662 Germa-

267 1733 355 1780 nam
379 1708 575 1780 mulierem
598 1707 790 1797 liberavit3
809 1709 902 1780 alter
923 1723 1048 1780 autem
1064 1707 1266 1808 virginem,

264 1829 342 1924 jam
362 1828 582 1924 sanguinem
602 1850 644 1896 ea
662 1825 709 1898 de
731 1849 841 1898 causa
870 1841 1135 1923 exspuentem,
1151 1851 1174 1896 a
1194 1851 1268 1898 mc·

267 1942 360 2016 dicis
376 1944 618 2020 nobilissimis
640 1943 875 2031 destitutam,
896 1958 933 2014 et
945 1943 992 2014 ab
1007 1941 1189 2016 omnibus
1208 1943 1268 2015 de·

267 2062 478 2159 ploratam,
497 2062 627 2134 eadem
658 2062 803 2132 ratione
822 2062 920 2157 juvit
938 2059 1050 2149 adeo,
1073 2076 1113 2132 ut
1138 2075 1266 2158 postea

268 2180 377 2250 etiam
398 2203 596 2276 persanare
615 2180 790 2276 potuerit.
884 2217 887 2224 ·

319 2322 376 2393 27.
396 2297 523 2366 Aetius
540 2319 630 2366 vero
650 2295 708 2394 (3)
731 2321 869 2394 asperae
896 2298 1038 2368 arteriae
1056 2294 1186 2367 ulcera
1207 2318 1269 2365 cu·
1295 2343 1297 2348 -

268 2435 351 2484 rare
366 2412 513 2500 docuit,
528 2437 625 2510 aegro
641 2419 775 2510 supino
786 2412 980 2501 reclinato,
996 2423 1109 2512 atque
1122 2419 1167 2524 iis
1180 2435 1266 2510 quse

270 2534 387 2628 capiti
395 2530 651 2625 subjiciantur,
662 2530 852 2602 sublimius
868 2536 1044 2616 instratis,
1055 2527 1266 2601 credo'cum

269 2648 309 2716 in
336 2645 528 2744 laryngem
552 2647 647 2718 nihil
677 2646 867 2720 deflueret.
898 2652 949 2717 Ea
974 2661 1099 2718 autem
1123 2647 1266 2731 ulcera,

269 2763 430 2835 maxime
445 2789 565 2862 prope
581 2766 723 2836 arteriae
742 2756 950 2836 extremum
961 2817 970 2852 ‚
983 2779 1045 2835 aut
1060 2765 1098 2834 in
1112 2765 1197 2861 ipso
1211 2789 1268 2834 ex·

271 2897 413 2970 tremo,
429 2883 617 2953 sanabilia
631 2889 782 2954 omnino
793 2889 969 2969 existere,
989 2884 1065 2954 suis
1078 2883 1189 2952 etiam
1201 2879 1268 2952 sre-

271 3014 330 3071 tus
347 3001 627 3098 experimentis,
645 3000 875 3071 asseveravit.
889 3000 1130 3096 Quapropter
1145 2998 1271 3070 viden-

271 3116 363 3190 dum
388 3133 461 3206 est,
480 3141 529 3188 ne
548 3131 683 3187 curatae
708 3115 869 3213 phthisis
889 3116 1057 3214 exempla
1078 3115 1268 3212 quaedam,

271 3259 351 3304 non
364 3233 410 3304 ad
421 3234 612 3330 pulmonis
628 3233 763 3330 ipsius,
781 3231 847 3304 scd
863 3233 910 3304 ad
922 3234 1064 3304 arteriae
1076 3233 1202 3330 potius
1213 3232 1270 3302 ul·

273 3351 598 3422 ceraattinuerint.
610 3349 722 3440 Quod
734 3363 898 3420 nontam
910 3350 956 3420 de
969 3350 1144 3438 aliorum,
1158 3373 1271 3446 quam

273 3468 319 3540 de
344 3492 426 3539 mea
446 3467 608 3565 quadam
630 3469 826 3540 curatione
854 3467 996 3539 dictum
1019 3467 1151 3556 uelim,
1171 3465 1271 3536 unde

310 3766 355 3843 (ι)
376 3767 420 3822 De
436 3765 558 3822 indicat.
577 3778 671 3823 curat.
685 3786 711 3823 c.
726 3765 773 3823 52.

309 3867 354 3943 (a)
375 3865 453 3922 Ibid.

309 3966 352 4042 (3)
373 3965 481 4024 Medic.
497 3965 645 4022 tetrabibl.
662 3967 695 4040 3,
711 3983 796 4023 serm.
815 3985 846 4036 1,
863 3985 888 4022 c.
905 3965 952 4032 64.
999 3973 1004 3982 '
