2820 4668
309 457 382 558 496
473 479 521 528 nn
546 475 693 528 sumnus
718 477 762 526 nr
787 473 912 556 cscsts
937 475 1149 526 nonnosum

308 619 397 668 men
420 594 561 666 vocavi.
580 592 741 663 Tertiam
760 589 1085 678 observationem,
1102 615 1223 690 quam
1245 597 1325 666 Mo·

308 711 452 788 candus
468 735 623 810 quoque
640 709 699 780 vir
719 709 763 780 cl.
784 708 844 806 (t)
864 710 1222 808 memora-vit,apud
1233 711 1325 783 Boh·

307 833 414 904 nium
432 829 552 928 leges,
571 827 705 898 nonin
721 826 859 898 circulo
878 833 1095 898 anatomico
1111 828 1219 899 illam
1241 831 1323 928 qui-

308 947 418 1036 dem,
434 946 499 1020 sed
516 946 555 1014 in
581 943 701 1032 libro,
728 944 767 1013 in
791 967 869 1042 quo
894 942 1048 1014 tandem
1071 968 1162 1017 casu
1179 948 1322 1046 reperi,

308 1065 358 1138 de
373 1066 653 1137 renunciatione
667 1059 868 1133 vulnerum
883 1060 897 1155 (
913 1088 933 1132 2
950 1060 975 1156 ).
996 1063 1061 1134 Est
1079 1077 1213 1134 autem
1235 1089 1321 1164 rup-

309 1199 406 1255 tnroe
421 1183 560 1252 sinistri
569 1177 693 1250 cordis
701 1175 902 1249 ventriculi
898 1201 1028 1277 prope
1037 1184 1180 1250 ostium
1190 1196 1319 1270 aortoe,

308 1301 418 1395 cujus
442 1295 550 1368 nnlln
575 1299 682 1392 signa
710 1310 978 1394 praecesserant
1003 1295 1044 1366 in
1067 1297 1153 1367 viro
1180 1296 1319 1388 nobili,

306 1413 462 1486 habitus
465 1413 710 1506 formosioris
727 1425 841 1510 atque
866 1411 1048 1500 athletici,
1061 1413 1131 1509 qui
1149 1411 1213 1484 ad
1231 1413 1319 1486 latus

308 1536 440 1604 nitoris
449 1544 603 1632 repente
615 1529 850 1600 occubuerat.
870 1529 984 1626 Cujus
998 1543 1040 1600 tu
1057 1531 1318 1628 ruptionisul-

305 1650 437 1724 timam
453 1673 600 1720 causam
617 1644 724 1718 facile
738 1647 1000 1744 suspicaberis,
1009 1670 1146 1719 eorum
1159 1673 1315 1738 mernor,

306 1791 390 1865 quae
406 1765 539 1838 litteris
554 1762 814 1862 superioribus
830 1762 885 1860 (3)
906 1764 1046 1862 scripta
1065 1779 1164 1836 sunt.
1191 1766 1317 1838 Mortis

307 1899 433 1957 autem
448 1883 524 1954 hoc
541 1905 660 1979 genus
670 1880 742 1952 tale
758 1881 905 1954 censuit
922 1881 1205 1956 eruditissimus
1228 1883 1317 1954 Boh·

305 2004 412 2090 nius,
435 2001 549 2099 quale
575 2004 645 2070 vin
675 2023 841 2096 unquam
869 1998 1044 2071 vidissent
1052 2015 1317 2098 protectorum
1399 2029 1400 2040 ¹

308 2119 472 2191 oculatae
494 2142 640 2188 manns.
670 2115 784 2206 Quod
806 2140 894 2188 sane
925 2119 1159 2190 rarissimum
1189 2118 1319 2190 haben

306 2235 440 2308 debere
467 2235 616 2334 scripsit
642 2235 700 2304 vir
731 2233 827 2305 alter
859 2233 1124 2322 doctissimus,
1139 2217 1316 2306 ‘ioannes

306 2356 497 2426 Fantonus
511 2352 578 2449 (4),
599 2377 685 2424 cum
700 2375 745 2422 ex
761 2351 993 2424 Adversariis
1011 2355 1183 2450 parentis
1199 2355 1259 2426 sui
1270 2378 1316 2424 re

305 2471 411 2556 tulit,
430 2469 642 2567 disruptum
665 2470 826 2540 hominis
851 2471 938 2556 cnr,
973 2469 1080 2567 qnod
1112 2470 1315 2542 vehementi

304 2600 456 2686 'spasmo
495 2589 750 2684 conflictatum
771 2587 930 2678 fuerat,
966 2601 1159 2685 repertum
1173 2591 1311 2679 fin'sse,

301 2703 1312 2804 grandiorepericardiocopinmsanguiniscontinente,

303 2848 399 2922 tegre
415 2819 539 2896 ferens
558 2878 568 2911 ‚
583 2849 662 2894 non
677 2822 784 2920 plura
806 2837 951 2921 patrem
972 2823 1200 2912 adnotasse,
1216 2820 1313 2895 illud·

303 2967 379 3040 que
398 2941 549 3029 saltem,
565 2955 652 3012 utro
671 2966 716 3012 ex
729 2941 940 3012 ventriculo
952 2941 1104 3039 sanguis
1119 2943 1309 3038 erupisset.

301 3064 392 3151 Quae
405 3085 492 3130 cum
508 3064 558 3130 ita
573 3073 665 3146 sint,
686 3081 766 3128 non
781 3057 874 3128 mihi
889 3058 1065 3156 displicet
1082 3059 1123 3129 in
1141 3061 1309 3157 quintam

300 3179 404 3276 rupti
417 3177 543 3248 cordis
561 3173 881 3260 observationem,
896 3201 998 3248 anno
1016 3201 1129 3274 1707,
1146 3180 1308 3251 Venetiis

300 3295 486 3367 incidisse.
505 3298 651 3386 Quam,
670 3309 713 3364 ut
730 3293 1028 3392 ordo'pnstulat‚=
1039 3317 1129 3366 cum
1144 3295 1218 3368 tibi
1232 3296 1309 3368 dili»
