2808 4664
280 449 350 538 246
406 456 409 462 '
444 469 490 516 nr
516 467 662 516 surinus
685 467 729 514 rr
754 463 878 512 cAthts
904 465 1114 514 noaroaurr

279 584 417 671 rendis,
426 597 572 654 tantum
581 579 685 651 abest
697 593 741 650 ut
751 577 1033 678 palpitationem
1049 605 1283 654 memorave-

276 709 345 796 rit,
363 704 592 778 contrarium
612 703 759 801 potius,
778 701 807 772 si
821 715 960 773 attente
975 703 1101 773 omnia
1116 705 1282 801 pensite-

276 847 362 898 mus
377 845 460 920 quae
478 823 517 892 in
536 843 616 892 earn
634 843 713 890 rem
727 817 879 904 scribit,
894 817 1158 891 animadvertit
1174 875 1183 908 ,
1200 846 1282 892 mo-

277 959 338 1014 tus
363 939 538 1012 videlicet
563 935 687 1007 cordis
711 961 731 1006 a
757 933 969 1034 pericardio
995 951 1088 1007 tunc
1109 937 1282 1010 cohiberi

276 1083 346 1158 per
363 1081 400 1128 se
418 1053 589 1152 quidem,
606 1077 649 1124 ac
673 1053 848 1151 reprimi,
875 1067 918 1123 ut
939 1077 960 1122 a
984 1053 1096 1124 nobis
1123 1056 1281 1126 mininie

277 1173 550 1274 percipiantur,
567 1186 621 1260 ct,
648 1171 677 1243 si
698 1193 975 1268 nonuunquam
995 1172 1281 1270 percipiantur,

277 1289 325 1363 ab
341 1291 413 1361 alio
431 1315 510 1362 esse
523 1292 634 1379 vitto,
651 1305 693 1360 ut
708 1303 798 1387 puta
822 1303 937 1359 auctae
958 1289 1069 1360 simul
1090 1291 1281 1388 magnitu-

278 1409 378 1482 dinis
400 1408 544 1494 cordis,
572 1423 609 1479 et
636 1429 854 1504 quanquam
880 1403 1014 1500 hujus,
1039 1419 1076 1476 ct
1099 1407 1299 1504 pulsuum.

278 1525 488 1626 perturbati
504 1539 645 1613 motus,
658 1538 700 1596 ut
717 1525 755 1594 in
771 1525 917 1596 Loweri
928 1521 1164 1620 historia·(1),
1177 1526 1282 1621 quasi

278 1643 441 1744 polypus
454 1641 639 1730 subesset,
656 1641 857 1730 accedant,
872 1656 997 1712 tamen
1010 1667 1126 1712 marm
1138 1641 1198 1711 ad
1208 1665 1284 1712 cor·

278 1762 338 1833 dis
360 1761 481 1834 locum
498 1765 692 1860 apposita,
717 1775 860 1831 motum
882 1765 1000 1856 magis
1021 1765 1152 1830 sentiri
1163 1785 1190 1830 a
1208 1785 1282 1830 me-

277 1879 380 1968 dico,
404 1899 491 1951 cum
518 1878 682 1976 polypus
702 1875 850 1966 subest,
880 1899 993 1975 quarn
1017 1878 1057 1948 in
1075 1876 1139 1947 illa
1157 1878 1282 1948 adha-

278 1998 394 2071 sione.

329 2114 385 2186 23.
404 2117 505 2184 Dum
520 2110 591 2184 hos
610 2111 738 2210 relego
755 2109 1072 2198 Albertinilocos,
1084 2136 1129 2182 ex
1143 2111 1283 2209 quibus

278 2228 437 2325 intelligi
461 2229 565 2314 licet,
596 2251 689 2326 saepe
712 2229 837 2326 ipsum
863 2215 998 2300 vidisse
1021 2227 1119 2299 hanc
1140 2228 1189 2300 de
1208 2253 1282 2325 qua

280 2345 492 2442 loquimur,
518 2344 716 2442 pericardii
738 2345 1007 2433 adhaesionem,
1029 2345 1109 2416 duo
1128 2347 1284 2443 insuper

280 2461 559 2545 animadverto;
576 2463 756 2548 alterurn,
770 2465 901 2561 saepius
915 2461 1086 2536 eamdem
1102 2463 1284 2534 Bartolet·

280 2594 361 2651 turn
374 2577 528 2677 quoque
541 2579 794 2652 obscuravisse
805 2635 815 2669 ,
828 2583 935 2677 cujus
950 2580 1055 2652 libris
1071 2583 1182 2652 mein
1195 2605 1284 2680 prre-

282 2697 399 2768 scntia
420 2719 565 2784 carere,
589 2698 713 2768 minus
738 2697 807 2768 tibi
829 2697 1042 2768 mirandum
1069 2711 1145 2786 est,
1170 2721 1282 2794 quarn

283 2835 431 2912 semper
444 2815 606 2886 caruisse
620 2819 806 2886 Bonetum
815 2871 824 2905 ,
834 2829 876 2887 ut
890 2829 1086 2887 auctorum
1101 2815 1215 2886 iudex
1225 2839 1283 2886 os·

281 2931 402 3004 tendit
419 2931 561 3029 quibus
579 2933 620 3002 in
639 2933 887 3030 Sepulchreto
906 2958 997 3021 usus
1009 2947 1083 3022 est,
1101 2932 1284 3020 alterum,
1395 3003 1396 3018 ,

281 3051 320 3118 iu
339 3050 511 3147 principe
535 3050 639 3136 viro,
663 3050 702 3119 in
730 3049 837 3145 cujus
858 3049 1069 3150 pericardio
1095 3067 1282 3122 tumorem
1395 3055 1396 3064 ’

282 3166 425 3238 invenit
442 3165 659 3238 Albertinus
675 3171 929 3264 sanguineum,
945 3170 1010 3266 qui
1020 3167 1199 3239 adextris
1210 3191 1285 3239 cor·

283 3278 340 3350 dis
364 3281 564 3353 secundum
586 3297 704 3354 totam
724 3288 803 3382 ejus
823 3283 1092 3382 longitudinem
1109 3285 1284 3356 extende·

282 3395 406 3483 batur,
420 3398 524 3496 signa
536 3404 775 3473 antecessisse
784 3427 866 3502 quae
876 3403 924 3474 de
933 3409 1111 3500 organico
1122 3409 1287 3476 varicosi

280 3518 425 3606 generis
432 3519 528 3586 vitio
530 3517 655 3612 fidem
658 3521 793 3610 facere
810 3519 1054 3592 videbantur:
1069 3521 1148 3592 hacc
1161 3536 1284 3591 autem

283 3650 396 3727 supra
423 3655 501 3704 esse
522 3634 681 3723 dixerat,
713 3661 799 3708 curu
820 3639 983 3736 pulsatio
1004 3637 1106 3706 nulla
1126 3653 1198 3724 est,
1224 3652 1285 3708 aut

321 3993 365 4070 (1)
384 3997 453 4055 Vid.
466 4017 571 4073 supra,
586 4019 616 4056 n.
633 4002 678 4057 18.
