2816 4668
325 433 395 519 sen
490 453 537 499 or
564 449 712 500 seorsus
737 451 781 496 rr
807 449 932 497 causis
958 449 1170 499 nonnonun

323 587 430 658 rent,
454 593 541 642 cum
567 567 629 637 alii
652 564 749 636 nihil
779 589 859 636 esse
892 562 1084 652 dicerent,
1115 567 1190 638 nisi
1217 565 1281 668 hyp

324 689 595 762 chondriacam
616 682 856 756 affectionem
869 734 879 768 ,
891 683 954 752 alii
971 681 1183 756 humorum
1201 686 1314 758 siccita·
1373 691 1374 750 3

322 825 400 882 tem
418 807 548 879 nescio
577 827 713 902 quam,
741 801 803 872 alii
829 825 1059 872 nerveorum
1086 804 1312 901 quorumdam
1373 819 1374 856 ³

324 951 520 1000 ramorum
548 922 838 996 exsiccationem
868 945 956 992 cum
986 921 1102 992 nimia
1135 921 1312 996 bumomn

323 1045 533 1117 mobilitate
553 1041 819 1136 conjunctam,
837 1039 900 1108 alii
921 1033 1207 1138 s'pasm'odicum
1227 1041 1313 1112 rheu·

324 1165 567 1246 matismum,
592 1173 655 1229 aut
682 1157 971 1247 convulsionem
993 1182 1014 1229 a
1040 1158 1173 1232 salinis
1195 1160 1311 1232 acribus

225 1261 226 1264 Ἴ
325 1279 521 1380 particulis
540 1279 579 1347 iu
598 1276 784 1364 thoraciS,
802 1289 839 1347 et
855 1269 1007 1346 artuum
1024 1277 1222 1352 musculos
1234 1281 1312 1352 scin-

325 1398 555 1485 feren'tibus,
576 1395 707 1492 ibique
729 1419 868 1466 nervos
881 1395 1190 1485 stimulantibus,
1208 1399 1262 1469 alii
1272 1398 1313 1469 de-

325 1519 441 1616 nique
467 1515 717 1588 irritationem
745 1539 765 1584 a
791 1514 990 1586 virulentis
1017 1541 1063 1586 ex
1092 1516 1158 1590 lue
1185 1541 1313 1590 venerea

325 1636 537 1736 particulis,
555 1634 690 1732 quaein
709 1632 936 1704 mediastino
952 1632 1221 1708 substitissent
1234 1641 1313 1708 Unus

324 1755 496 1829 Valsalva
516 1754 699 1852 pleraque
717 1777 852 1824 eorum
870 1752 1012 1848 quibus
1027 1760 1128 1852 ae'ger
1147 1771 1313 1854 torquere·

324 1889 405 1962 tur,
425 1895 573 1944 acausa
586 1871 782 1970 quaeintra
802 1872 973 1941 cranium
990 1888 1106 1960 esset,
1120 1872 1311 1973 repetebat,

323 2009 405 2066 tum
422 1991 575 2062 dolores
594 1983 726 2089 capitis
744 2014 865 2088 prope
889 1989 1059 2066 assiduos
1089 2007 1311 2092 spectans,ct

325 2110 612 2196 convulsiones,
634 2135 717 2207 quae
736 2108 784 2180 ad
799 2122 856 2180 tot
874 2124 911 2180 et
935 2125 1012 2180 tam
1028 2109 1197 2184 diversas
1216 2127 1311 2210 partes

322 2228 587 2328 pertinebant,
610 2244 690 2299 tum
710 2253 794 2325 quae
813 2243 901 2326 post
922 2225 1144 2302 affectiones
1170 2242 1311 2328 exparte

325 2348 464 2420 similes
474 2347 678 2444 aliquando
695 2347 735 2416 in
757 2345 1004 2419 cadaveribus
1018 2342 1308 2445 deprehenderat.

323 2471 457 2565 Itaque
484 2482 527 2537 ut
555 2467 678 2537 caeteri
697 2467 835 2572 aurilia
858 2465 1154 2565 proponebant,
1174 2491 1249 2566 quae
1263 2489 1311 2563 pe-

324 2585 455 2658 culiari
481 2585 667 2682 cujusque
693 2609 827 2655 eorum
853 2587 1047 2678 sententiae
1068 2586 1309 2668 convenirent;

233 2729 235 2733 ·
324 2705 377 2776 sic
398 2705 478 2802 ipse
513 2717 703 2800 quantum
734 2729 776 2775 ea
793 2697 877 2802 quae
896 2705 1089 2802 sanguinis
1111 2707 1312 2804 copiam,ut

324 2824 575 2923 turgentiam,
603 2837 668 2894 aut
694 2823 989 2916 concitationem
1018 2824 1066 2894 ad
1087 2839 1202 2923 caput
1223 2844 1309 2918 auge·

323 2957 427 3032 rent,
447 2940 710 3039 improbabat,
729 2955 877 3012 tautum
903 2967 945 3013 ea
966 2965 1049 3039 quae
1067 2941 1128 3014 his
1150 2938 1308 3015 contraria

322 3075 497 3159 praestare
508 3075 678 3158 possent,
698 3059 1011 3148 commendabat,
1028 3063 1230 3159 praesertim
1244 3079 1307 3130 cun

320 3179 487 3268 videret,
509 3180 538 3250 si
557 3179 747 3276 turgentia
759 3177 866 3250 fieret
884 3179 930 3250 acl
946 3177 1056 3250 aliam
1070 3179 1231 3278 aliquam
1244 3196 1306 3276 par·

321 3312 397 3367 tem
418 3299 613 3395 corporis,
631 3311 722 3368 tune
743 3312 857 3401 caput
876 3297 1011 3386 levari,
1031 3297 1306 3396 eductoquesan·
1373 3343 1374 3398 7

322 3415 435 3512 guine
468 3441 513 3486 ex
540 3415 585 3486 iis
606 3415 703 3486 vasis
734 3440 817 3512 quae
837 3415 937 3487 circa
967 3416 1088 3486 inrum
1113 3416 1304 3488 intestinum
1373 3451 1374 3454 π

320 3547 429 3621 sunt,
460 3557 602 3631 aegrum
630 3533 853 3606 meliuscule
878 3534 957 3605 dies
979 3534 1127 3631 aliquot
1147 3532 1303 3604 habuisse.

319 3657 462 3724 Verum
481 3667 524 3722 ut
543 3677 662 3724 causae
681 3651 860 3724 morbum
888 3649 1086 3729 efficientis
1112 3653 1240 3725 sedern
1259 3669 1304 3744 gt·

318 3772 480 3844 neratim
496 3773 576 3869 ipse
591 3787 857 3870 cognosceret,
874 3786 911 3842 et
927 3797 1010 3868 quae
1028 3773 1110 3844 vitre
1125 3771 1234 3871 paulo
1245 3764 1302 3836 diu·

317 3889 410 3978 tius,
438 3903 475 3960 et
504 3889 712 3962 levioribus
745 3915 831 3962 cum
860 3890 1116 3962 incommodis
1142 3877 1302 3960 trahenda

318 4009 591 4098 convenirent3
618 4025 745 4082 tamen
776 4008 1008 4108 peculiarem
1042 4009 1170 4084 sedem
1194 4021 1300 4082 causa,
