2824 4668
155 477 223 522 ma.
252 475 291 522 11.
320 475 367 522 or
394 473 886 540 iroauls·ruoai01S,amsr.
915 481 1012 528 xxiv.
1041 459 1110 558 295

69 670 75 675 ,
104 589 335 666 internarum
352 589 516 687 partium
532 590 650 677 vitiis,
669 572 816 686 itaquae
833 592 1036 688 peculiaria
1050 596 1108 668 in.-

105 687 357 823 commodam
373 707 418 778 iis
428 703 568 778 fuerint
584 705 724 804 quibus
734 710 842 784 sociae
852 713 994 784 arteriae
1004 723 1113 786 erant

104 847 235 912 osseae,
255 825 348 896 scire
371 827 643 922 potuissemus3
672 825 826 921 quando
843 831 1035 902 Lancisius
1050 829 1111 927 (1)

102 957 278 1016 naturam
294 942 458 1041 adiposis
475 940 636 1016 fasciolis
649 944 783 1016 texisse
803 943 874 1018 ‘has
891 949 1055 1037 censuit,
1066 965 1110 1022 ut

102 1075 324 1146 caveret,ne
334 1059 660 1158 quemadmodum
671 1061 749 1132 alim
762 1064 904 1136 arteriae
917 1087 995 1136 non
1009 1085 1108 1154 raro,

99 1178 149 1248 ita
165 1176 224 1248 hae
244 1179 283 1248 in
308 1202 451 1252 osseam
478 1177 723 1252 substantiam
749 1179 904 1266 duratae,
934 1207 960 1252 a
990 1181 1108 1254 libero

99 1293 322 1368 distentione
349 1311 463 1393 atque
486 1295 741 1392 elongatione,
778 1322 860 1370 cum
885 1323 979 1396 opus
994 1315 1087 1372 esset
1096 1305 1111 1388 ‚‘

91 1413 394 1509 prohiberentur.
410 1413 482 1486 Sed
492 1439 617 1512 neque
629 1413 813 1502 Bellinus,
823 1441 948 1512 neque
959 1398 1106 1490 Drelin·

99 1529 389 1642 curtiidiscipuii
398 1531 662 1630 quidquamde
675 1534 885 1628 praegressis
896 1533 1038 1606 morbis
1048 1533 1107 1606 ad·

98 1649 330 1746 scripserunt
344 1676 351 1718 :
367 1647 574 1720 Thebesius
598 1672 681 1720 eam
698 1672 787 1718 rem·
798 1650 963 1719 maxime
969 1652 1106 1739 funes·

98 1779 265 1840 tamesse
282 1789 391 1863 posse
407 1763 586 1852 credidit;
603 1761 805 1834 fuissenon
820 1764 930 1836 dixit:
946 1765 1105 1840 Crellius

96 1907 146 1954 ne
159 1882 317 1954 cadaver
327 1881 480 1978 quidem
489 1882 679 1978 reliquum
689 1880 817 1957 videre
825 1883 948 1979 potuit
957 1883 1055 1956 senis
1063 1884 1105 1955 in

96 2000 157 2094 cuj
163 2023 207 2072 us
223 1997 392 2070 marcido
406 1995 626 2096 fracidoque
636 1998 712 2094 jam
732 1997 847 2070 corde
862 1998 963 2068 illam
976 1997 1104 2070 obser·

94 2116 213 2190 vavit:
228 2116 321 2187 mihi
334 2115 513 2213 denique,
522 2131 564 2186 ut
574 2117 613 2186 in
622 2112 878 2214 pauperrimo,
888 2118 955 2212 qui
968 2116 1028 2186 vix
1040 2114 1103 2186 ha·

94 2235 182 2306 buit
203 2236 269 2330 qui
288 2233 401 2332 paulo
421 2249 506 2310 ante
526 2249 687 2309 mortem
705 2237 746 2306 in
762 2234 1024 2308 nosocomium
1042 2235 1101 2306 ia-

95 2351 297 2424 ferendum
321 2367 492 2450 curaret,
520 2353 629 2450 plura
656 2354 702 2424 iis
735 2377 816 2449 quae
841 2352 989 2449 scripsi,
1013 2376 1101 2424 cum

96 2470 257 2543 maxime
269 2495 470 2568 cuperem,
485 2471 580 2542 scire
594 2495 672 2542 non
684 2470 800 2544 licuit.
811 2467 995 2557 Tandem,
1012 2493 1100 2540 cum

93 2588 175 2658 haec
191 2586 415 2686 relegerem,
434 2604 470 2660 et
485 2613 567 2685 quae
580 2589 723 2662 interea
742 2585 1100 2686 prodierant‚hujus

94 2704 213 2803 ipsius
230 2705 363 2804 morbi
370 2706 496 2781 cordis
513 2705 794 2782 observationes
803 2705 1046 2803 inspicerem,
1058 2705 1099 2788 in

95 2821 390 2898 clarissimorum
407 2825 575 2896 virorum
593 2824 739 2922 scriptis
752 2837 938 2910 extantes,
956 2825 1101 2894 Senacii

94 2940 348 3039 primum(a),
369 2939 506 3016 deinde
526 2942 653 3015 Planci
661 2941 738 3039 (3),
756 2941 960 3014 novissime
978 2939 1100 3012 Helle·

93 3059 126 3126 ri
134 3057 212 3154 (4),
229 3060 411 3156 primam,
428 3075 465 3132 et
484 3059 686 3133 secundam
701 3057 812 3134 fuisse
828 3059 869 3128 in
883 3056 971 3126 viris
986 3054 1101 3152 palpi-

94 3176 230 3245 tationi
243 3175 435 3274 obnoxiis,
447 3177 703 3250 animadverti.
722 3175 794 3250 Sed
812 3199 898 3246 cum
913 3174 953 3244 in
966 3191 1100 3247 secun-

96 3289 160 3380 da,
170 3305 216 3362 ut
227 3292 383 3391 alias(5)
392 3292 523 3386 retuli,
538 3295 617 3368 aliae
631 3317 709 3366 non
727 3292 899 3366 deessent
911 3286 1103 3370 evidentes

204 3613 249 3667 De
266 3623 340 3668 mot.
354 3615 435 3670 cord.
451 3633 573 3692 propos.
593 3619 642 3694 39.

204 3712 302 3769 Traite
315 3713 356 3770 du
373 3733 466 3788 coeur,
479 3717 500 3772 l.
515 3723 545 3788 4,
562 3719 608 3774 ch.
619 3738 652 3793 9,
667 3739 698 3776 ιι.
715 3715 742 3775 5.
776 3739 782 3752 ·

207 3811 302 3887 Epist.
318 3815 355 3870 de
371 3825 497 3872 monstr.

206 3912 317 3986 Opusc.
330 3910 443 3988 pathol.
458 3915 522 3972 obs.
537 3913 574 3972 50
587 3925 615 3972 et
628 3915 674 3974 51.

143 4007 187 4088 (5)
209 4011 302 4088 Epist.
317 4013 370 4087 23,
381 4033 412 4072 n.
427 4032 457 4090 9.
