2808 4664
282 370 351 460 248
444 395 489 440 na
516 391 730 442 sennaser
755 391 878 442 cansrs
903 393 1113 444 noanonuu

280 524 316 581 et
336 505 423 580 sede
445 507 525 602 ejus
542 503 768 604 persimilem
790 508 857 602 qui
880 504 927 577 ab
947 506 1143 578 Albertino
1167 527 1306 580 const

279 639 409 723 pectus
431 640 495 694 est.
514 627 655 718 Tumor
676 623 830 694 enimin
847 622 909 692 illa
924 622 1069 696 decima
1083 624 1196 696 tertia
1211 625 1283 696 ob·

278 741 486 814 servatione
517 739 723 811 addebatur
747 739 793 810 ad
821 739 1077 813 dilatationem
1101 766 1283 839 magnam
1393 775 1394 810 t

234 933 236 940 Α
279 859 418 930 sinistri
438 855 653 942 ventriculi,
680 871 717 928 et
738 855 784 927 ad
809 880 956 928 osseum
974 873 1086 928 aortae
1104 860 1281 930 initium:

280 991 317 1046 et
334 999 404 1046 nos
423 989 597 1071 praeterea
615 973 865 1069 conjecturas,
884 999 965 1070 quae
982 975 1110 1046 multis
1126 999 1281 1073 praeser-

278 1095 345 1164 tim
365 1089 689 1164 observationibus
707 1115 785 1161 non
806 1091 1047 1180 sintinnixae‚
1065 1117 1147 1164 non
1161 1109 1206 1164 ut
1225 1119 1280 1166 se·

279 1209 406 1306 quaris
420 1207 644 1297 indicamus,
660 1206 724 1279 sed
739 1221 780 1278 ut
800 1207 888 1280 alias
907 1223 1020 1306 atque
1036 1208 1142 1296 alias,
1160 1236 1281 1307 quan-

279 1326 494 1422 ducumque
512 1323 640 1414 liceat,
660 1311 941 1398 observationes
951 1339 1097 1413 nactus,
1112 1351 1201 1398 cum
1222 1327 1281 1400 bis

254 1485 258 1492 ·
280 1465 497 1540 compares,
517 1457 553 1512 et
571 1456 660 1511 tunc
677 1441 841 1538 denique
862 1440 1005 1540 probes
1023 1457 1086 1514 aut
1114 1443 1279 1539 abjicias.

280 1559 392 1650 Quod
407 1561 435 1630 si
448 1556 544 1630 forte
556 1557 759 1644 accideret,
773 1573 814 1629 ut
828 1559 1083 1654 conjecturam
1101 1561 1212 1632 istam
1225 1562 1281 1632 ul-

278 1679 407 1749 timam
429 1673 691 1765 confirmares,
707 1690 799 1746 tunc
817 1676 930 1773 quaeri
947 1677 1057 1748 etiam
1070 1693 1217 1774 posset,
1235 1704 1280 1750 an
1393 1769 1394 1774 ἵ

277 1819 324 1868 ex
339 1794 538 1892 pericardii
551 1793 762 1866 adhaesione
780 1817 846 1864 cor
857 1793 1032 1891 palpitet,
1050 1795 1205 1891 quando
1224 1821 1282 1894 pe
1393 1785 1394 1876 ᾗ

278 1911 481 1982 ricardium
501 1937 581 1982 non
604 1910 729 1982 cordis
753 1910 875 2006 solum
887 1964 897 1999 ,
920 1910 1034 1984 sedet
1050 1913 1218 2000 arteriis,
1234 1911 1281 1984 ab
1393 1991 1394 1998 χ

278 2026 352 2097 hoc
370 2025 667 2124 prodeuntibus,
684 2027 733 2097 ita
751 2024 944 2124 affigatur,
961 2041 1002 2098 ut
1019 2049 1079 2098 eas
1093 2029 1282 2100 constrin-
1393 2007 1394 2076 f

278 2144 421 2242 geud0‚
438 2145 536 2214 viam
554 2158 717 2216 coarctet
736 2145 908 2242 sanguini
922 2169 941 2215 e
954 2143 1067 2216 eorde
1084 2160 1282 2243 erupturo,
1393 2157 1394 2184 ³

278 2260 597 2358 quemadmodum
622 2260 834 2342 coarctabat
856 2258 1009 2333 fortasse
1036 2261 1075 2330 in
1103 2260 1279 2334 observa-

276 2376 381 2448 tione
411 2377 472 2446 illa
494 2392 620 2448 nostra
646 2377 717 2473 (1)
744 2403 856 2475 quam
889 2379 1013 2450 cordis
1040 2395 1280 2475 praecesserat

277 2493 483 2591 palpitatio.
500 2495 615 2589 Cujus
632 2494 707 2565 hoc
719 2511 890 2568 nostrum
909 2519 1104 2567 causarum
1119 2521 1278 2570 examen

276 2636 355 2698 nou
383 2636 427 2682 eo
448 2625 614 2709 spectare
635 2611 800 2699 credito,
820 2627 863 2683 ut
881 2611 983 2684 illam
1004 2636 1132 2682 earnm
1152 2616 1277 2685 omni-

276 2752 329 2803 no
344 2721 506 2824 rejicias,
519 2728 582 2800 sed
595 2743 637 2799 ut
648 2729 757 2798 aliam
771 2729 897 2817 aliter,
911 2727 1076 2825 alibique
1089 2745 1275 2828 agentem,

242 2929 244 2932 .
274 2869 361 2916 cum
392 2845 537 2942 aliaque
567 2846 806 2940 conjunctam
837 2861 901 2917 aut
929 2847 1159 2942 sejunctam,
1185 2849 1273 2920 alias

271 2963 556 3060 palpitationem
572 2959 740 3059 efficere,
755 2963 843 3034 alias
855 2987 933 3032 nou
944 2959 1107 3051 efficere,
1122 2988 1271 3038 mecum

271 3103 469 3177 agnoscas.
498 3094 535 3151 et
566 3079 612 3150 de
638 3079 792 3178 singulis
815 3077 929 3152 ferme
954 3104 1032 3156 nou
1059 3080 1154 3178 plus.
1170 3081 1271 3152 dicas
1305 3130 1307 3132 ψ

275 3221 387 3290 quam
409 3197 511 3294 quod
533 3199 572 3266 in
590 3199 673 3294 ipso
691 3198 799 3268 initio
815 3199 990 3269 sectionis
1006 3197 1119 3293 hujus
1127 3251 1144 3286 ,.
1154 3197 1268 3270 Sebo-

272 3310 471 3408 liographi‚
482 3313 540 3384 vel
550 3315 676 3410 potius
688 3313 842 3386 Hollerii
854 3313 989 3401 verbis,
999 3314 1038 3384 in
1051 3313 1267 3411 Sepulchra·

270 3441 311 3518 to
332 3429 511 3524 scripturn
530 3427 655 3525 leges:
673 3429 1127 3528 Excitaripotest‘cordrs
1142 3429 1265 3530 pulsai-

272 3550 364 3615 tatio
384 3569 409 3614 a
421 3543 608 3614 taberculo
620 3548 834 3638 ,abseessm
851 3547 1006 3644 aliisque
1024 3547 1262 3641 ejuscemodi.

307 3912 352 3992 (ι)
372 3917 486 3992 Supra,
498 3933 528 3973 n.
544 3933 578 3974 a1
594 3915 627 3974 in
638 3913 689 3972 lin.
