2808 4664
121 489 188 533 LIB·
216 489 256 533 11.
285 488 331 534 DII
357 483 492 533 Mouuls
518 480 709 548 monacis,
735 485 846 532 EPIST.
868 485 970 531 XXIII.
1001 485 1070 558 219

71 602 191 699 plexia
213 616 417 698 utrumque
443 600 564 672 stasim
584 596 761 683 confecit,
787 573 922 670 morbo
941 600 998 671 vel
1017 600 1070 670 le-

71 719 221 790 vissimo
238 718 441 806 obnoxios,
454 707 621 814 quorum
629 717 684 786 illi
696 716 812 790 altera
827 718 981 789 mitralis
999 717 1072 788 val-

74 834 176 923 vula‚
197 836 342 925 colore,
360 851 568 933 naturaque
578 849 740 923 mutata,
759 833 942 906 lactaerat
954 835 1073 906 multo

72 977 184 1050 quam
206 977 357 1051 aequum
377 955 442 1043 sit,
466 954 615 1043 duri0r;
637 953 727 1025 huic
751 970 876 1025 autem
893 969 929 1023 et
946 954 1074 1023 mitra-

72 1070 181 1159 lium,
203 1087 240 1142 et
256 1071 506 1169 tricuspidum
531 1072 723 1144 nonnullae
746 1071 793 1142 ad
812 1070 970 1142 limbum
987 1095 1075 1168 pro-

71 1188 299 1261 tuberabant
318 1191 357 1260 in
376 1189 557 1288 quasdam
576 1193 683 1287 quasi
698 1190 911 1288 glandulas,
927 1188 1076 1260 exdeu-

73 1330 109 1378 sa
124 1304 313 1404 firmaque
331 1306 536 1380 substantia
554 1323 775 1407 compactas.
792 1307 882 1397 Sed,
898 1319 940 1378 ut
951 1305 1076 1380 brevis

73 1419 161 1512 sim,
175 1449 250 1498 nec
269 1423 365 1528 duos
384 1425 468 1498 illos
493 1448 618 1515 senes,
639 1427 686 1499 de
712 1425 850 1523 quibus
875 1449 985 1523 supra
1004 1425 1017 1522 (
1033 1424 1074 1523 r)

73 1564 157 1612 cum
176 1541 224 1614 de
237 1542 527 1615 semilunaribus
544 1544 702 1616 valvulis
715 1569 838 1616 sermo
849 1559 966 1632 esset,
979 1543 1075 1614 indi-

30 1639 32 1646 ⁵
74 1675 196 1730 catum
212 1675 281 1749 est,
294 1659 358 1732 hic
373 1662 510 1733 iterum
524 1662 844 1749 commemorabo,
858 1662 1078 1756 quorumal»

72 1777 141 1846 teri
153 1778 320 1850 mitrales
334 1780 534 1849 crassiores
545 1793 667 1862 erant,
682 1777 788 1848 alteri
799 1777 861 1846 hic
874 1778 950 1848 illic
961 1777 1073 1847 durae:

76 1909 112 1964 et
139 1896 311 1967 omittam
336 1895 551 1990 complures
575 1895 685 1976 alios,
711 1894 751 1963 in
781 1893 919 1990 quibus
949 1915 1077 1964 earum

74 2010 214 2084 limbos
231 2011 349 2082 duros
373 2027 410 2083 et
436 2011 634 2084 tuberosos
653 2012 801 2098 inveni,
821 2032 904 2108 quae
931 2036 992 2090 res
1015 2012 1079 2082 ali·

76 2143 223 2224 quanto
239 2129 365 2220 miuus
387 2127 543 2200 idoneas
564 2128 688 2200 reddit
706 2125 833 2200 officio
855 2140 942 2216 suo,
963 2131 1039 2201 sive
1058 2155 1079 2200 a

74 2242 258 2342 peculiari
276 2245 367 2316 vitio
390 2245 453 2317 illa
473 2247 544 2337 sit,
567 2247 643 2320 sive
667 2239 784 2319 abeo
811 2242 917 2344 quod
935 2247 1078 2322 invehit

75 2361 158 2458 ipsa
177 2375 284 2450 aetas3
302 2385 389 2433 nam
408 2365 499 2434 etin
517 2363 645 2436 vetulo
663 2389 756 2437 cane
773 2367 825 2438 sic
837 2365 929 2454 vidi3
947 2381 1077 2462 estque
1169 2368 1175 2378 ‘

75 2493 158 2550 tum
179 2479 218 2552 in
231 2479 290 2553 his
301 2480 477 2571 valvulis,
498 2497 579 2554 tum
589 2483 632 2554 in
641 2484 927 2582 tricuspidibus,
945 2484 987 2554 in
996 2483 1080 2580 qni·

76 2594 149 2670 bus
161 2599 304 2696 pariter
314 2597 417 2671 haud
429 2624 517 2672 raro
527 2601 727 2700 conspexi,
745 2604 853 2700 quasi
865 2603 1021 2702 gradus,
1038 2615 1080 2672 ut

77 2715 142 2786 cel,
163 2741 320 2814 quoque
337 2719 509 2792 llallerus
524 2719 584 2818 (a)
601 2736 746 2811 censet,
764 2721 812 2792 ad
827 2737 1001 2794 naturam
1019 2745 1078 2792 osd

76 2853 173 2904 seam
200 2834 446 2908 induendam.
472 2839 574 2929 Quas
596 2863 685 2910 vero
716 2862 841 2912 osseas
862 2842 939 2937 jam
966 2838 1079 2909 factas

79 2947 335 3048 deprehendi,
358 2977 419 3026 eas
445 2979 537 3026 vero
561 2956 614 3028 ob
637 2959 827 3054 graviores
854 2958 1080 3055 quibuscum

76 3067 214 3161 junctae
233 3086 355 3160 eraut,
370 3071 546 3162 morbos,
565 3075 638 3145 alio
655 3069 824 3148 differam
846 3087 1006 3174 oportet.

132 3193 187 3275 14.
200 3191 349 3260 Interea
365 3205 508 3276 aulem,
528 3208 572 3264 ut
587 3191 708 3282 vides,
727 3192 851 3292 posito
865 3191 1080 3290 aliquando,

82 3325 150 3373 nec
169 3305 264 3392 levi,
280 3305 511 3380 valvularum
526 3311 730 3383 mitralium
742 3311 851 3399 vitio,
865 3307 943 3381 non
962 3311 1084 3382 conti·

83 3443 158 3492 nuo
177 3422 464 3520 palpitationem
477 3427 603 3500 cordis
619 3431 744 3528 sequi,
762 3443 824 3500 aut
840 3429 1016 3528 pulsuum
1029 3431 1085 3500 iu·

83 3540 374 3631 termissiouem3
393 3543 448 3614 sic
465 3546 576 3616 etiarn
593 3547 754 3635 credito,
767 3545 834 3618 ubi
851 3549 1083 3644 quicumque

87 3653 175 3728 alius
191 3655 288 3730 obex
299 3659 359 3734 vel
371 3662 526 3758 propior
538 3663 699 3740 dexteris
714 3664 836 3738 cordis
847 3666 957 3752 cavis,
969 3688 1082 3763 quam

93 3832 1084 3862 Ἣ

122 3937 164 4013 (ι)
185 3941 223 3995 Ν.
245 3961 281 3997 ιο
295 3943 328 3996 ίιι
340 3940 392 3997 fin.

124 4035 165 4114 (a)
186 4039 234 4096 Ad
247 4037 353 4096 Boerh.
368 4043 499 4116 praelect.
519 4046 535 4112 S
574 4048 620 4119 49.
