2850 4668
187 501 258 550 cm.
287 503 327 550 rr.
352 502 402 549 na
427 501 561 550 uoanrs
586 501 780 566 rnoarcrs,
806 504 917 552 nr1sr.
943 507 1016 554 xxi.
1068 483 1125 580 69

113 618 226 714 longe
240 613 432 713 productae
440 640 525 687 cum
540 613 751 688 adhaerente
765 615 908 713 ubique
918 622 1028 718 nigro
1038 645 1118 699 san·

112 735 246 833 guine,
265 748 301 806 et
318 757 517 830 grumoso:
540 733 633 830 quin
652 731 812 830 aliquas,
827 736 1117 811 'taeniarumin's-

110 865 184 941 tar,
204 853 247 922 in
267 849 384 922 iliacis
402 851 491 948 ipsis
511 851 607 922 vasis
626 864 756 949 postea
770 851 921 940 inveni,
940 853 1030 926 alias
1049 879 1114 926 au·

111 983 205 1055 tem,
227 967 441 1041 ascaridum
466 965 623 1056 similes,
643 969 684 1038 in
707 967 811 1039 sinus
834 968 1115 1066 longitudinalis

49 1095 51 1100 '
109 1085 228 1158 initio.
243 1085 316 1157 Sed
329 1085 483 1184 partite,
500 1098 542 1156 ut
554 1083 680 1172 soleo,
693 1099 828 1159 caetera
840 1111 929 1183 quae‘
941 1087 982 1157 in
995 1089 1114 1186 capite

110 1219 146 1275 et
158 1218 294 1276 ventre
312 1201 558 1280 animadverti
571 1217 706 1299 praeter
720 1218 912 1293 naturam,
930 1203 1113 1300 adjiciam.

109 1323 290 1393 Granium
307 1319 398 1392 dum
417 1333 619 1408 secaretur,
638 1343 716 1391 non
740 1345 859 1418 pauca
880 1345 985 1420 aquae
1004 1325 1126 1421 copiav

110 1435 277 1512 defluxit.
296 1443 385 1510 Mox
400 1461 468 1536 per
484 1451 637 1509 tenuem
656 1439 872 1536 meningem
890 1462 976 1512 vasa
992 1439 1112 1538 plera-

108 1579 181 1652 que
196 1557 462 1654 conspeximus
481 1557 660 1654 sanguine
674 1555 838 1654 turgida,
856 1583 901 1630 ex
913 1555 1112 1629 medullari

106 1688 233 1745 autem
252 1673 397 1746 cerebri
416 1671 623 1746 substantia
639 1676 775 1771 passim
789 1677 890 1747 inter
907 1675 1110 1748 secandum

106 1791 299 1889 sanguinis
331 1790 494 1888 guttulas
522 1789 784 1878 creberrimas,
810 1793 978 1864 minores
993 1794 1111 1887 majo-

104 1931 240 2004 resque
264 1907 483 1992 existentes3
511 1907 552 1975 in
570 1906 788 1978 ventriculis
804 1921 929 1977 autem
953 1895 1111 1978 laterali·

103 2022 177 2096 bus
204 2046 340 2119 aquam
359 2019 536 2110 multam,
567 2045 727 2118 eamque
747 2021 995 2111 turbidulam‚
1020 2022 1110 2094 cho·

102 2137 277 2210 roidibus
306 2137 477 2236 plexibus
495 2161 573 2241 non
594 2137 742 2236 pallidis
760 2137 932 2236 quidem,
954 2139 1020 2211 sed
1038 2163 1109 2212 nee

104 2256 187 2328 sine
209 2255 382 2328 vesiculis
400 2255 588 2353 plurimis,
606 2269 642 2327 et
659 2256 699 2326 in
715 2254 777 2328 his.
789 2254 1015 2354 quibusdam
1031 2281 1108 2328 ma·
1148 2251 1149 2255 ’

102 2372 274 2468 jusculis,
289 2396 393 2470 aquae
409 2372 537 2471 plenis.
556 2378 677 2445 Laxus
691 2370 835 2444 fornix:
851 2371 932 2444 laxa
944 2373 1107 2446 medulla

105 2489 320 2588 oblongata.
340 2495 481 2564 Ventre
498 2505 644 2588 apert0,
663 2505 702 2562 et
715 2504 887 2578 omento,
898 2489 1003 2587 quod
1016 2481 1116 2562 cum'

105 2607 211 2680 initio
227 2615 471 2681 concreverat
487 2607 658 2680 intestini·
677 2606 775 2696 coli,¹
795 2604 883 2677 inde
911 2606 1052 2696 soluto,
1069 2621 1107 2678 et

106 2722 152 2794 ad
171 2726 368 2824 superiora
379 2737 563 2811 retractu,
581 2722 752 2797 insolitus
769 2724 942 2821 apparuit
960 2723 1043 2819 ejus>
1054 2722 1108 2792 in·

110 2843 234 2914 testini
255 2843 415 2940 positus,
435 2865 557 2938 eoque
574 2839 636 2911 hie
654 2865 732 2911 non
752 2839 994 2912 omittendus.
1012 2840 1106 2910 Nam

106 2957 166 3027 vix
178 2958 287 3054 jecur
305 2959 493 3056 attigerat,
517 2981 604 3029 cum
621 2957 711 3030 inde
734 2983 771 3031 se
796 2953 893 3028 infra
912 2953 1106 3029 umbilica·
1162 3017 1163 3024 ,

108 3073 178 3145 lem
196 3077 391 3176 regionem
410 3074 650 3167 demittebat,
663 3075 765 3148 unde
783 3073 937 3170 oblique
957 3095 1106 3144 sursum

108 3191 146 3262 in
158 3195 350 3267 sinistrum
366 3193 701 3293 hypochondrium
714 3187 913 3264 ferebatur.
930 3194 1014 3260 Haec
1028 3204 1106 3262 tota

109 3308 183 3402 ejus
199 3335 286 3410 pars
301 3311 498 3400 duntaxat,
519 3325 597 3384 erat
617 3321 721 3396 aere,
742 3333 814 3382 nec
836 3331 993 3407 parum,
1018 3306 1107 3378 dila·

109 3437 187 3498 tata.
209 3434 337 3527 Hepar
359 3427 541 3526 denique,
560 3427 657 3516 lien,
674 3450 853 3525 panereas
879 3450 957 3496 non
973 3449 1105 3497 secun·

112 3538 196 3614 dnm
213 3559 387 3618 naturam
406 3569 444 3618 se
462 3543 663 3618 habebant.
683 3549 768 3615 Hoc
780 3544 880 3616 enim
894 3540 1104 3614 subdurum

112 3674 186 3731 erat
207 3689 214 3732 ε
246 3663 323 3734 lien
354 3677 479 3733 autem
504 3686 615 3759 aequo·
640 3685 719 3732 non
751 3660 862 3757 paulo
894 3659 1035 3753 major,
1069 3671 1106 3727 et

112 3792 305 3875 propterea
321 3777 524 3850 humilior:
542 3778 660 3878 hepar
678 3799 831 3876 quoque
846 3796 1043 3870 magnnm3
1068 3785 1106 3841 et

113 3893 241 3988 majori
259 3919 304 3968 ex
322 3910 427 3992 parte
442 3893 624 3984 albidum,
640 3917 785 3992 neque,
802 3917 823 3962 a
842 3889 999 3972 dextris,
1014 3909 1105 3982 prae·

116 4011 234 4084 sertim
253 4015 283 4088 si
300 4010 503 4103 incideres,
528 4013 684 4085 omnino
699 4033 851 4084 sanum:
873 4006 954 4102 ejus
980 4015 1106 4074 autem
