<?xml version="1.0" encoding="UTF-8"?>
<!DOCTYPE html PUBLIC "-//W3C//DTD XHTML 1.0 Transitional//EN"
    "http://www.w3.org/TR/xhtml1/DTD/xhtml1-transitional.dtd">
<html xmlns="http://www.w3.org/1999/xhtml" xml:lang="en" lang="en">
 <head>
  <title>
</title>
<meta http-equiv="Content-Type" content="text/html;charset=utf-8" />
  <meta name='ocr-system' content='tesseract 3.04.00' />
  <meta name='ocr-capabilities' content='ocr_page ocr_carea ocr_par ocr_line ocrx_word'/>
</head>
<body>
  <div class='ocr_page' id='page_1' title='image "./desedibusetcaus01adelgoog_0129.png"; bbox 0 0 2800 4674; ppageno 0'>
   <div class='ocr_carea' id='block_1_1' title="bbox 335 439 1168 516">
    <p class='ocr_par' dir='ltr' id='par_1_1' title="bbox 335 439 1168 516">
     <span class='ocr_line' id='line_1_1' title="bbox 335 439 1168 516; baseline -0.008 -1"><span class='ocrx_word' id='word_1_1' title='bbox 335 439 402 516; x_wconf 78' lang='lat'>126</span> <span class='ocrx_word' id='word_1_2' title='bbox 499 462 546 511; x_wconf 78' lang='lat' dir='ltr'>us</span> <span class='ocrx_word' id='word_1_3' title='bbox 572 457 717 508; x_wconf 74' lang='lat' dir='ltr'>sumnus</span> <span class='ocrx_word' id='word_1_4' title='bbox 740 457 786 504; x_wconf 70' lang='lat' dir='ltr'>su</span> <span class='ocrx_word' id='word_1_5' title='bbox 811 456 934 506; x_wconf 74' lang='lat' dir='ltr'>musis</span> <span class='ocrx_word' id='word_1_6' title='bbox 958 457 1168 508; x_wconf 69' lang='lat' dir='ltr'>nonnosum</span> 
     </span>
    </p>
   </div>
   <div class='ocr_carea' id='block_1_2' title="bbox 215 572 1335 3738">
    <p class='ocr_par' dir='ltr' id='par_1_2' title="bbox 215 572 1335 3738">
     <span class='ocr_line' id='line_1_2' title="bbox 331 572 1335 672; baseline -0.002 -16"><span class='ocrx_word' id='word_1_7' title='bbox 331 605 401 656; x_wconf 86' lang='lat' dir='ltr'>nec</span> <span class='ocrx_word' id='word_1_8' title='bbox 421 579 513 652; x_wconf 82' lang='lat' dir='ltr'>tanti</span> <span class='ocrx_word' id='word_1_9' title='bbox 534 599 612 648; x_wconf 86' lang='lat' dir='ltr'>esse</span> <span class='ocrx_word' id='word_1_10' title='bbox 631 598 713 670; x_wconf 80' lang='lat' dir='ltr'>quae</span> <span class='ocrx_word' id='word_1_11' title='bbox 734 573 780 644; x_wconf 87' lang='lat' dir='ltr'>de</span> <span class='ocrx_word' id='word_1_12' title='bbox 799 575 947 644; x_wconf 84' lang='lat' dir='ltr'>actione</span> <span class='ocrx_word' id='word_1_13' title='bbox 962 572 1128 672; x_wconf 68' lang='lat' dir='ltr'>hepatis,</span> <span class='ocrx_word' id='word_1_14' title='bbox 1145 577 1259 650; x_wconf 79' lang='lat' dir='ltr'>lienis</span> <span class='ocrx_word' id='word_1_15' title='bbox 1274 631 1285 667; x_wconf 90' lang='lat'>,</span> <span class='ocrx_word' id='word_1_16' title='bbox 1301 595 1335 654; x_wconf 82' lang='lat' dir='ltr'>et</span> 
     </span>
     <span class='ocr_line' id='line_1_3' title="bbox 329 690 1334 798; baseline -0.002 -28"><span class='ocrx_word' id='word_1_17' title='bbox 329 697 540 798; x_wconf 83' lang='lat' dir='ltr'>pancreatis</span> <span class='ocrx_word' id='word_1_18' title='bbox 552 693 640 764; x_wconf 86' lang='lat' dir='ltr'>olim</span> <span class='ocrx_word' id='word_1_19' title='bbox 657 690 1009 766; x_wconf 82' lang='lat' dir='ltr'>Diemerbroeckius</span> <span class='ocrx_word' id='word_1_20' title='bbox 1019 697 1334 769; x_wconf 82' lang='lat' dir='ltr'>comminisceba-</span> 
     </span>
     <span class='ocr_line' id='line_1_4' title="bbox 331 809 1334 912; baseline -0.003 -22"><span class='ocrx_word' id='word_1_21' title='bbox 331 834 405 904; x_wconf 86' lang='lat' dir='ltr'>tur,</span> <span class='ocrx_word' id='word_1_22' title='bbox 424 831 464 886; x_wconf 87' lang='lat' dir='ltr'>ut</span> <span class='ocrx_word' id='word_1_23' title='bbox 480 813 607 912; x_wconf 86' lang='lat' dir='ltr'>plures</span> <span class='ocrx_word' id='word_1_24' title='bbox 623 813 777 910; x_wconf 81' lang='lat' dir='ltr'>paginas</span> <span class='ocrx_word' id='word_1_25' title='bbox 791 813 830 882; x_wconf 87' lang='lat' dir='ltr'>in</span> <span class='ocrx_word' id='word_1_26' title='bbox 846 809 991 882; x_wconf 85' lang='lat' dir='ltr'>scholio</span> <span class='ocrx_word' id='word_1_27' title='bbox 1002 812 1152 910; x_wconf 65' lang='lat' dir='ltr'>adjecto</span> <span class='ocrx_word' id='word_1_28' title='bbox 1162 817 1262 886; x_wconf 84' lang='lat' dir='ltr'>CLV</span> <span class='ocrx_word' id='word_1_29' title='bbox 1276 813 1334 887; x_wconf 87' lang='lat' dir='ltr'>ob·</span> 
     </span>
     <span class='ocr_line' id='line_1_5' title="bbox 330 927 1332 1026; baseline -0.003 -19"><span class='ocrx_word' id='word_1_30' title='bbox 330 932 531 1007; x_wconf 88' lang='lat' dir='ltr'>servationi</span> <span class='ocrx_word' id='word_1_31' title='bbox 550 930 708 1026; x_wconf 82' lang='lat' dir='ltr'>impiere</span> <span class='ocrx_word' id='word_1_32' title='bbox 731 927 960 1002; x_wconf 73' lang='lat' dir='ltr'><strong>debuissent.</strong></span> <span class='ocrx_word' id='word_1_33' title='bbox 988 930 1090 1019; x_wconf 85' lang='lat' dir='ltr'><strong>Quid</strong></span> <span class='ocrx_word' id='word_1_34' title='bbox 1117 955 1209 1002; x_wconf 81' lang='lat' dir='ltr'>vem</span> <span class='ocrx_word' id='word_1_35' title='bbox 1235 931 1332 1004; x_wconf 86' lang='lat' dir='ltr'>dice·</span> 
     </span>
     <span class='ocr_line' id='line_1_6' title="bbox 330 1046 1333 1124; baseline -0.003 0"><span class='ocrx_word' id='word_1_36' title='bbox 330 1075 416 1124; x_wconf 90' lang='lat' dir='ltr'>mus</span> <span class='ocrx_word' id='word_1_37' title='bbox 429 1047 754 1122; x_wconf 82' lang='lat' dir='ltr'>deAdditameutis</span> <span class='ocrx_word' id='word_1_38' title='bbox 767 1046 813 1118; x_wconf 84' lang='lat' dir='ltr'>ud</span> <span class='ocrx_word' id='word_1_39' title='bbox 827 1049 898 1117; x_wconf 88' lang='lat' dir='ltr'>Vll</span> <span class='ocrx_word' id='word_1_40' title='bbox 915 1048 1084 1120; x_wconf 84' lang='lat' dir='ltr'>eamdem</span> <span class='ocrx_word' id='word_1_41' title='bbox 1102 1049 1333 1121; x_wconf 77' lang='lat' dir='ltr'>sectionem?</span> 
     </span>
     <span class='ocr_line' id='line_1_7' title="bbox 331 1164 1332 1266; baseline -0.002 -24"><span class='ocrx_word' id='word_1_42' title='bbox 331 1171 440 1242; x_wconf 86' lang='lat' dir='ltr'>Mitto</span> <span class='ocrx_word' id='word_1_43' title='bbox 455 1167 669 1264; x_wconf 84' lang='lat' dir='ltr'>complures</span> <span class='ocrx_word' id='word_1_44' title='bbox 685 1165 837 1262; x_wconf 78' lang='lat' dir='ltr'>paginas</span> <span class='ocrx_word' id='word_1_45' title='bbox 853 1164 1185 1238; x_wconf 67' lang='lat' dir='ltr'><em>consultationibus</em></span> <span class='ocrx_word' id='word_1_46' title='bbox 1200 1167 1259 1266; x_wconf 87' lang='lat'>(1)</span> <span class='ocrx_word' id='word_1_47' title='bbox 1274 1195 1332 1240; x_wconf 88' lang='lat' dir='ltr'>oc·</span> 
     </span>
     <span class='ocr_line' id='line_1_8' title="bbox 330 1282 1331 1382; baseline -0.001 -25"><span class='ocrx_word' id='word_1_48' title='bbox 330 1299 494 1382; x_wconf 85' lang='lat' dir='ltr'>cupatas.</span> <span class='ocrx_word' id='word_1_49' title='bbox 515 1284 626 1356; x_wconf 81' lang='lat' dir='ltr'><strong>Mitto</strong></span> <span class='ocrx_word' id='word_1_50' title='bbox 649 1282 947 1371; x_wconf 82' lang='lat' dir='ltr'>observationes,</span> <span class='ocrx_word' id='word_1_51' title='bbox 975 1283 1173 1380; x_wconf 88' lang='lat' dir='ltr'>inquibus</span> <span class='ocrx_word' id='word_1_52' title='bbox 1197 1311 1252 1358; x_wconf 88' lang='lat' dir='ltr'>ne</span> <span class='ocrx_word' id='word_1_53' title='bbox 1272 1307 1331 1356; x_wconf 87' lang='lat' dir='ltr'>no·</span> 
     </span>
     <span class='ocr_line' id='line_1_9' title="bbox 331 1391 1331 1499; baseline 0.002 -25"><span class='ocrx_word' id='word_1_54' title='bbox 331 1391 419 1474; x_wconf 79' lang='lat' dir='ltr'>men</span> <span class='ocrx_word' id='word_1_55' title='bbox 434 1402 586 1499; x_wconf 87' lang='lat' dir='ltr'>quidem</span> <span class='ocrx_word' id='word_1_56' title='bbox 609 1416 663 1473; x_wconf 87' lang='lat' dir='ltr'>est</span> <span class='ocrx_word' id='word_1_57' title='bbox 680 1400 824 1495; x_wconf 86' lang='lat' dir='ltr'>ejusde</span> <span class='ocrx_word' id='word_1_58' title='bbox 844 1425 922 1498; x_wconf 90' lang='lat' dir='ltr'>quo</span> <span class='ocrx_word' id='word_1_59' title='bbox 941 1403 1063 1499; x_wconf 82' lang='lat' dir='ltr'>agitur</span> <span class='ocrx_word' id='word_1_60' title='bbox 1082 1399 1265 1494; x_wconf 72' lang='lat' dir='ltr'>affectus,</span> <span class='ocrx_word' id='word_1_61' title='bbox 1284 1421 1331 1476; x_wconf 80' lang='lat' dir='ltr'>ts-</span> 
     </span>
     <span class='ocr_line' id='line_1_10' title="bbox 330 1517 1330 1620; baseline 0.001 -28"><span class='ocrx_word' id='word_1_62' title='bbox 330 1520 406 1606; x_wconf 88' lang='lat' dir='ltr'>bis,</span> <span class='ocrx_word' id='word_1_63' title='bbox 422 1521 523 1590; x_wconf 88' lang='lat' dir='ltr'>velut</span> <span class='ocrx_word' id='word_1_64' title='bbox 536 1521 574 1588; x_wconf 90' lang='lat' dir='ltr'>in</span> <span class='ocrx_word' id='word_1_65' title='bbox 588 1522 648 1588; x_wconf 88' lang='lat' dir='ltr'>IX.</span> <span class='ocrx_word' id='word_1_66' title='bbox 666 1522 711 1588; x_wconf 85' lang='lat' dir='ltr'>At</span> <span class='ocrx_word' id='word_1_67' title='bbox 724 1533 823 1589; x_wconf 81' lang='lat' dir='ltr'>certe</span> <span class='ocrx_word' id='word_1_68' title='bbox 834 1517 1046 1589; x_wconf 81' lang='lat' dir='ltr'>observatio</span> <span class='ocrx_word' id='word_1_69' title='bbox 1060 1522 1113 1590; x_wconf 90' lang='lat' dir='ltr'>III</span> <span class='ocrx_word' id='word_1_70' title='bbox 1125 1545 1213 1591; x_wconf 86' lang='lat' dir='ltr'>cum</span> <span class='ocrx_word' id='word_1_71' title='bbox 1231 1537 1330 1620; x_wconf 85' lang='lat' dir='ltr'>parte</span> 
     </span>
     <span class='ocr_line' id='line_1_11' title="bbox 330 1637 1331 1739; baseline 0 -29"><span class='ocrx_word' id='word_1_72' title='bbox 330 1639 411 1734; x_wconf 84' lang='lat' dir='ltr'>ejus</span> <span class='ocrx_word' id='word_1_73' title='bbox 427 1637 577 1725; x_wconf 82' lang='lat' dir='ltr'>scholii,</span> <span class='ocrx_word' id='word_1_74' title='bbox 592 1638 667 1733; x_wconf 81' lang='lat' dir='ltr'>jam</span> <span class='ocrx_word' id='word_1_75' title='bbox 683 1653 790 1708; x_wconf 83' lang='lat' dir='ltr'>antea</span> <span class='ocrx_word' id='word_1_76' title='bbox 808 1639 848 1708; x_wconf 87' lang='lat' dir='ltr'>in</span> <span class='ocrx_word' id='word_1_77' title='bbox 866 1641 1031 1711; x_wconf 82' lang='lat' dir='ltr'>sectione</span> <span class='ocrx_word' id='word_1_78' title='bbox 1044 1641 1122 1737; x_wconf 86' lang='lat' dir='ltr'>ipsa</span> <span class='ocrx_word' id='word_1_79' title='bbox 1141 1639 1201 1712; x_wconf 82' lang='lat' dir='ltr'>ve&#39;l</span> <span class='ocrx_word' id='word_1_80' title='bbox 1223 1642 1331 1739; x_wconf 85' lang='lat' dir='ltr'>paulo</span> 
     </span>
     <span class='ocr_line' id='line_1_12' title="bbox 329 1755 1331 1855; baseline 0.003 -27"><span class='ocrx_word' id='word_1_81' title='bbox 329 1755 447 1830; x_wconf 82' lang='lat' dir='ltr'>fusius</span> <span class='ocrx_word' id='word_1_82' title='bbox 467 1755 612 1828; x_wconf 85' lang='lat' dir='ltr'>observ.</span> <span class='ocrx_word' id='word_1_83' title='bbox 628 1759 726 1825; x_wconf 85' lang='lat' dir='ltr'>LXII</span> <span class='ocrx_word' id='word_1_84' title='bbox 741 1755 923 1853; x_wconf 80' lang='lat' dir='ltr'>producta</span> <span class='ocrx_word' id='word_1_85' title='bbox 938 1755 1059 1828; x_wconf 83' lang='lat' dir='ltr'>fuerat</span> <span class='ocrx_word' id='word_1_86' title='bbox 1071 1813 1080 1848; x_wconf 88' lang='lat'>‚</span> <span class='ocrx_word' id='word_1_87' title='bbox 1090 1760 1331 1855; x_wconf 81' lang='lat' dir='ltr'>-quemadmo</span> 
     </span>
     <span class='ocr_line' id='line_1_13' title="bbox 330 1873 1329 1974; baseline 0 -27"><span class='ocrx_word' id='word_1_88' title='bbox 330 1875 422 1948; x_wconf 89' lang='lat' dir='ltr'>dum</span> <span class='ocrx_word' id='word_1_89' title='bbox 442 1874 586 1946; x_wconf 81' lang='lat' dir='ltr'>observ.</span> <span class='ocrx_word' id='word_1_90' title='bbox 595 1877 746 1944; x_wconf 81' lang='lat' dir='ltr'>XCVIII</span> <span class='ocrx_word' id='word_1_91' title='bbox 758 1885 795 1944; x_wconf 87' lang='lat' dir='ltr'>et</span> <span class='ocrx_word' id='word_1_92' title='bbox 806 1879 851 1944; x_wconf 87' lang='lat' dir='ltr'>L]</span> <span class='ocrx_word' id='word_1_93' title='bbox 863 1876 939 1970; x_wconf 82' lang='lat' dir='ltr'>jam</span> <span class='ocrx_word' id='word_1_94' title='bbox 957 1873 1041 1946; x_wconf 85' lang='lat' dir='ltr'>data</span> <span class='ocrx_word' id='word_1_95' title='bbox 1059 1875 1190 1948; x_wconf 84' lang='lat' dir='ltr'>eadem</span> <span class='ocrx_word' id='word_1_96' title='bbox 1205 1878 1329 1974; x_wconf 83' lang='lat' dir='ltr'>quaein</span> 
     </span>
     <span class='ocr_line' id='line_1_14' title="bbox 327 1991 1329 2093; baseline 0 -27"><span class='ocrx_word' id='word_1_97' title='bbox 327 1994 601 2066; x_wconf 86' lang='lat' dir='ltr'>Additamentis</span> <span class='ocrx_word' id='word_1_98' title='bbox 609 1991 730 2062; x_wconf 86' lang='lat' dir='ltr'>obser.</span> <span class='ocrx_word' id='word_1_99' title='bbox 743 1997 776 2060; x_wconf 84' lang='lat' dir='ltr'>X</span> <span class='ocrx_word' id='word_1_100' title='bbox 785 2004 824 2062; x_wconf 89' lang='lat' dir='ltr'>et</span> <span class='ocrx_word' id='word_1_101' title='bbox 832 1995 917 2063; x_wconf 85' lang='lat' dir='ltr'>XXI</span> <span class='ocrx_word' id='word_1_102' title='bbox 927 2009 1167 2090; x_wconf 82' lang='lat' dir='ltr'>repetuntur,</span> <span class='ocrx_word' id='word_1_103' title='bbox 1177 1997 1207 2066; x_wconf 89' lang='lat' dir='ltr'>si</span> <span class='ocrx_word' id='word_1_104' title='bbox 1218 2020 1329 2093; x_wconf 77' lang='lat' dir='ltr'>pauca</span> 
     </span>
     <span class='ocr_line' id='line_1_15' title="bbox 328 2109 1326 2211; baseline 0 -29"><span class='ocrx_word' id='word_1_105' title='bbox 328 2113 368 2182; x_wconf 88' lang='lat' dir='ltr'>in</span> <span class='ocrx_word' id='word_1_106' title='bbox 387 2113 508 2210; x_wconf 83' lang='lat' dir='ltr'>prima</span> <span class='ocrx_word' id='word_1_107' title='bbox 525 2109 660 2180; x_wconf 86' lang='lat' dir='ltr'>barum</span> <span class='ocrx_word' id='word_1_108' title='bbox 684 2109 808 2180; x_wconf 86' lang='lat' dir='ltr'>addita</span> <span class='ocrx_word' id='word_1_109' title='bbox 825 2111 986 2208; x_wconf 80' lang='lat' dir='ltr'>excipias</span> <span class='ocrx_word' id='word_1_110' title='bbox 1005 2110 1138 2199; x_wconf 64' lang='lat' dir='ltr'>verbs,</span> <span class='ocrx_word' id='word_1_111' title='bbox 1162 2127 1203 2183; x_wconf 83' lang='lat' dir='ltr'>et</span> <span class='ocrx_word' id='word_1_112' title='bbox 1226 2115 1326 2211; x_wconf 80' lang='lat' dir='ltr'>plura</span> 
     </span>
     <span class='ocr_line' id='line_1_16' title="bbox 328 2227 1325 2324; baseline 0.004 -26"><span class='ocrx_word' id='word_1_113' title='bbox 328 2230 368 2298; x_wconf 89' lang='lat' dir='ltr'>in</span> <span class='ocrx_word' id='word_1_114' title='bbox 384 2229 497 2298; x_wconf 86' lang='lat' dir='ltr'>altera</span> <span class='ocrx_word' id='word_1_115' title='bbox 507 2281 517 2315; x_wconf 85' lang='lat'>‚</span> <span class='ocrx_word' id='word_1_116' title='bbox 529 2252 611 2324; x_wconf 83' lang='lat' dir='ltr'>quae</span> <span class='ocrx_word' id='word_1_117' title='bbox 625 2227 869 2312; x_wconf 78' lang='lat' dir='ltr'>suncardus,</span> <span class='ocrx_word' id='word_1_118' title='bbox 886 2245 927 2301; x_wconf 82' lang='lat' dir='ltr'>ut</span> <span class='ocrx_word' id='word_1_119' title='bbox 938 2229 1098 2319; x_wconf 84' lang='lat' dir='ltr'>solebat,</span> <span class='ocrx_word' id='word_1_120' title='bbox 1113 2244 1177 2300; x_wconf 89' lang='lat' dir='ltr'>aut</span> <span class='ocrx_word' id='word_1_121' title='bbox 1188 2233 1325 2316; x_wconf 85' lang='lat' dir='ltr'>omisit,</span> 
     </span>
     <span class='ocr_line' id='line_1_17' title="bbox 328 2346 1326 2442; baseline 0 -26"><span class='ocrx_word' id='word_1_122' title='bbox 328 2360 393 2417; x_wconf 76' lang='lat' dir='ltr'>aut</span> <span class='ocrx_word' id='word_1_123' title='bbox 403 2347 573 2432; x_wconf 85' lang='lat' dir='ltr'>mutavit,</span> <span class='ocrx_word' id='word_1_124' title='bbox 589 2346 782 2442; x_wconf 86' lang='lat' dir='ltr'>quasinon</span> <span class='ocrx_word' id='word_1_125' title='bbox 796 2347 947 2418; x_wconf 81' lang='lat' dir='ltr'>Thomae</span> <span class='ocrx_word' id='word_1_126' title='bbox 957 2346 1181 2436; x_wconf 77' lang='lat' dir='ltr'>Barthulini,</span> <span class='ocrx_word' id='word_1_127' title='bbox 1200 2349 1269 2420; x_wconf 85' lang='lat' dir='ltr'>sed</span> <span class='ocrx_word' id='word_1_128' title='bbox 1277 2349 1326 2420; x_wconf 91' lang='lat' dir='ltr'>sui</span> 
     </span>
     <span class='ocr_line' id='line_1_18' title="bbox 328 2463 1327 2565; baseline 0.006 -33"><span class='ocrx_word' id='word_1_129' title='bbox 328 2465 444 2562; x_wconf 82' lang='lat' dir='ltr'>ipsius</span> <span class='ocrx_word' id='word_1_130' title='bbox 460 2463 521 2533; x_wconf 86' lang='lat' dir='ltr'>illa</span> <span class='ocrx_word' id='word_1_131' title='bbox 532 2480 628 2536; x_wconf 86' lang='lat' dir='ltr'>esset</span> <span class='ocrx_word' id='word_1_132' title='bbox 645 2463 856 2536; x_wconf 78' lang='lat' dir='ltr'>observatio</span> <span class='ocrx_word' id='word_1_133' title='bbox 866 2519 876 2554; x_wconf 81' lang='lat'><strong><em>‚</em></strong></span> <span class='ocrx_word' id='word_1_134' title='bbox 888 2467 928 2536; x_wconf 88' lang='lat' dir='ltr'>in</span> <span class='ocrx_word' id='word_1_135' title='bbox 940 2491 1017 2563; x_wconf 91' lang='lat' dir='ltr'>quo</span> <span class='ocrx_word' id='word_1_136' title='bbox 1027 2467 1189 2554; x_wconf 82' lang='lat' dir='ltr'>cautior,</span> <span class='ocrx_word' id='word_1_137' title='bbox 1205 2481 1327 2565; x_wconf 76' lang='lat' dir='ltr'>qoam·</span> 
     </span>
     <span class='ocr_line' id='line_1_19' title="bbox 326 2581 1325 2682; baseline 0.002 -32"><span class='ocrx_word' id='word_1_138' title='bbox 326 2581 382 2651; x_wconf 81' lang='lat' dir='ltr'>vis</span> <span class='ocrx_word' id='word_1_139' title='bbox 395 2606 473 2651; x_wconf 88' lang='lat' dir='ltr'>non</span> <span class='ocrx_word' id='word_1_140' title='bbox 489 2583 644 2652; x_wconf 87' lang='lat' dir='ltr'>omnino</span> <span class='ocrx_word' id='word_1_141' title='bbox 661 2582 720 2652; x_wconf 83' lang='lat' dir='ltr'>vel</span> <span class='ocrx_word' id='word_1_142' title='bbox 738 2607 776 2651; x_wconf 86' lang='lat' dir='ltr'>m</span> <span class='ocrx_word' id='word_1_143' title='bbox 793 2581 863 2654; x_wconf 79' lang='lat' dir='ltr'>hac</span> <span class='ocrx_word' id='word_1_144' title='bbox 880 2585 979 2682; x_wconf 83' lang='lat' dir='ltr'>ipsa,</span> <span class='ocrx_word' id='word_1_145' title='bbox 995 2581 1066 2655; x_wconf 82' lang='lat' dir='ltr'>suit</span> <span class='ocrx_word' id='word_1_146' title='bbox 1081 2589 1260 2656; x_wconf 85' lang='lat' dir='ltr'>Bonetus.</span> <span class='ocrx_word' id='word_1_147' title='bbox 1278 2582 1325 2655; x_wconf 84' lang='lat' dir='ltr'>Ad</span> 
     </span>
     <span class='ocr_line' id='line_1_20' title="bbox 326 2696 1327 2798; baseline 0.003 -31"><span class='ocrx_word' id='word_1_148' title='bbox 326 2696 405 2768; x_wconf 83' lang='lat' dir='ltr'>baec</span> <span class='ocrx_word' id='word_1_149' title='bbox 435 2701 579 2787; x_wconf 87' lang='lat' dir='ltr'>omnia,</span> <span class='ocrx_word' id='word_1_150' title='bbox 613 2715 650 2770; x_wconf 91' lang='lat' dir='ltr'>et</span> <span class='ocrx_word' id='word_1_151' title='bbox 675 2700 886 2784; x_wconf 84' lang='lat' dir='ltr'>istiusmodi</span> <span class='ocrx_word' id='word_1_152' title='bbox 909 2700 1003 2789; x_wconf 76' lang='lat' dir='ltr'>alia,</span> <span class='ocrx_word' id='word_1_153' title='bbox 1030 2723 1113 2798; x_wconf 84' lang='lat' dir='ltr'>quae</span> <span class='ocrx_word' id='word_1_154' title='bbox 1140 2703 1223 2798; x_wconf 84' lang='lat' dir='ltr'>ipse</span> <span class='ocrx_word' id='word_1_155' title='bbox 1252 2701 1327 2772; x_wconf 91' lang='lat' dir='ltr'>dili·</span> 
     </span>
     <span class='ocr_line' id='line_1_21' title="bbox 327 2816 1326 2913; baseline 0.001 -27"><span class='ocrx_word' id='word_1_156' title='bbox 327 2817 474 2913; x_wconf 84' lang='lat' dir='ltr'>gentius</span> <span class='ocrx_word' id='word_1_157' title='bbox 490 2816 737 2913; x_wconf 81' lang='lat' dir='ltr'>inquirend0‚</span> <span class='ocrx_word' id='word_1_158' title='bbox 754 2816 908 2890; x_wconf 76' lang='lat' dir='ltr'>fortasse</span> <span class='ocrx_word' id='word_1_159' title='bbox 927 2819 1217 2908; x_wconf 80' lang='lat' dir='ltr'>animadvertes,</span> <span class='ocrx_word' id='word_1_160' title='bbox 1234 2821 1326 2892; x_wconf 85' lang='lat' dir='ltr'>sitot</span> 
     </span>
     <span class='ocr_line' id='line_1_22' title="bbox 326 2933 1326 3034; baseline -0.001 -30"><span class='ocrx_word' id='word_1_161' title='bbox 326 2933 396 3004; x_wconf 81' lang='lat' dir='ltr'>illae</span> <span class='ocrx_word' id='word_1_162' title='bbox 415 2933 694 3018; x_wconf 68' lang='lat' dir='ltr'>ohservationes</span> <span class='ocrx_word' id='word_1_163' title='bbox 709 2935 911 3024; x_wconf 83' lang='lat' dir='ltr'>addantur,</span> <span class='ocrx_word' id='word_1_164' title='bbox 926 2961 1019 3034; x_wconf 90' lang='lat' dir='ltr'>quas</span> <span class='ocrx_word' id='word_1_165' title='bbox 1033 2941 1198 3008; x_wconf 88' lang='lat' dir='ltr'>Bonetus</span> <span class='ocrx_word' id='word_1_166' title='bbox 1208 2937 1277 3008; x_wconf 84' lang='lat' dir='ltr'>etsi</span> <span class='ocrx_word' id='word_1_167' title='bbox 1286 2933 1326 3004; x_wconf 85' lang='lat' dir='ltr'>ad</span> 
     </span>
     <span class='ocr_line' id='line_1_23' title="bbox 215 3050 1324 3152; baseline -0.001 -30"><span class='ocrx_word' id='word_1_168' title='bbox 215 3062 217 3066; x_wconf 83' lang='lat'>&#39;</span> <span class='ocrx_word' id='word_1_169' title='bbox 325 3052 417 3123; x_wconf 87' lang='lat' dir='ltr'>alios</span> <span class='ocrx_word' id='word_1_170' title='bbox 429 3053 559 3123; x_wconf 90' lang='lat' dir='ltr'>titulos</span> <span class='ocrx_word' id='word_1_171' title='bbox 574 3050 709 3123; x_wconf 84' lang='lat' dir='ltr'>fatetur</span> <span class='ocrx_word' id='word_1_172' title='bbox 722 3055 928 3150; x_wconf 72' lang='lat' dir='ltr'>pertinere,</span> <span class='ocrx_word' id='word_1_173' title='bbox 947 3079 1025 3125; x_wconf 89' lang='lat' dir='ltr'>non</span> <span class='ocrx_word' id='word_1_174' title='bbox 1038 3077 1194 3152; x_wconf 83' lang='lat' dir='ltr'>prorsus</span> <span class='ocrx_word' id='word_1_175' title='bbox 1208 3069 1324 3124; x_wconf 80' lang='lat' dir='ltr'>tamen</span> 
     </span>
     <span class='ocr_line' id='line_1_24' title="bbox 325 3167 1324 3270; baseline 0 -32"><span class='ocrx_word' id='word_1_176' title='bbox 325 3167 388 3238; x_wconf 91' lang='lat' dir='ltr'>hic</span> <span class='ocrx_word' id='word_1_177' title='bbox 397 3169 664 3266; x_wconf 67' lang='lat' dir='ltr'>pretermittit,</span> <span class='ocrx_word' id='word_1_178' title='bbox 681 3184 761 3240; x_wconf 88' lang='lat' dir='ltr'>tum</span> <span class='ocrx_word' id='word_1_179' title='bbox 779 3171 856 3241; x_wconf 81' lang='lat' dir='ltr'>aliae</span> <span class='ocrx_word' id='word_1_180' title='bbox 866 3169 1060 3270; x_wconf 84' lang='lat' dir='ltr'>dequibus</span> <span class='ocrx_word' id='word_1_181' title='bbox 1072 3199 1119 3244; x_wconf 90' lang='lat' dir='ltr'>ne</span> <span class='ocrx_word' id='word_1_182' title='bbox 1130 3171 1169 3243; x_wconf 82' lang='lat' dir='ltr'>id</span> <span class='ocrx_word' id='word_1_183' title='bbox 1178 3171 1324 3269; x_wconf 88' lang='lat' dir='ltr'>quidem</span> 
     </span>
     <span class='ocr_line' id='line_1_25' title="bbox 327 3283 1323 3389; baseline 0.005 -35"><span class='ocrx_word' id='word_1_184' title='bbox 327 3283 480 3373; x_wconf 82' lang='lat' dir='ltr'>fatetur,</span> <span class='ocrx_word' id='word_1_185' title='bbox 495 3311 581 3376; x_wconf 86' lang='lat' dir='ltr'>cum</span> <span class='ocrx_word' id='word_1_186' title='bbox 596 3287 668 3357; x_wconf 82' lang='lat' dir='ltr'>alio</span> <span class='ocrx_word' id='word_1_187' title='bbox 687 3289 774 3386; x_wconf 85' lang='lat' dir='ltr'>ipsae</span> <span class='ocrx_word' id='word_1_188' title='bbox 789 3312 943 3386; x_wconf 89' lang='lat' dir='ltr'>quoque</span> <span class='ocrx_word' id='word_1_189' title='bbox 957 3292 1170 3389; x_wconf 84' lang='lat' dir='ltr'>pertineant</span> <span class='ocrx_word' id='word_1_190' title='bbox 1180 3303 1323 3374; x_wconf 85' lang='lat' dir='ltr'>tamen,</span> 
     </span>
     <span class='ocr_line' id='line_1_26' title="bbox 241 3395 1324 3505; baseline 0.001 -32"><span class='ocrx_word' id='word_1_191' title='bbox 241 3395 243 3402; x_wconf 61' lang='grc'>’</span> <span class='ocrx_word' id='word_1_192' title='bbox 317 3417 408 3474; x_wconf 80' lang='lat' dir='ltr'>&#39;tum</span> <span class='ocrx_word' id='word_1_193' title='bbox 427 3403 593 3501; x_wconf 88' lang='lat' dir='ltr'>denique</span> <span class='ocrx_word' id='word_1_194' title='bbox 612 3406 759 3476; x_wconf 82' lang='lat' dir='ltr'>illarum</span> <span class='ocrx_word' id='word_1_195' title='bbox 780 3407 914 3504; x_wconf 81' lang='lat' dir='ltr'>ingens</span> <span class='ocrx_word' id='word_1_196' title='bbox 930 3433 1125 3497; x_wconf 86' lang='lat' dir='ltr'>numerus,</span> <span class='ocrx_word' id='word_1_197' title='bbox 1142 3431 1237 3505; x_wconf 79' lang='lat' dir='ltr'>quas</span> <span class='ocrx_word' id='word_1_198' title='bbox 1254 3406 1324 3478; x_wconf 91' lang='lat' dir='ltr'>ubi·</span> 
     </span>
     <span class='ocr_line' id='line_1_27' title="bbox 327 3523 1323 3617; baseline 0.008 -27"><span class='ocrx_word' id='word_1_199' title='bbox 327 3545 490 3617; x_wconf 87' lang='lat' dir='ltr'>cumque</span> <span class='ocrx_word' id='word_1_200' title='bbox 503 3523 635 3594; x_wconf 88' lang='lat' dir='ltr'>maciei</span> <span class='ocrx_word' id='word_1_201' title='bbox 647 3539 742 3596; x_wconf 87' lang='lat' dir='ltr'>esset</span> <span class='ocrx_word' id='word_1_202' title='bbox 757 3549 880 3614; x_wconf 87' lang='lat' dir='ltr'>causa,</span> <span class='ocrx_word' id='word_1_203' title='bbox 896 3527 935 3598; x_wconf 88' lang='lat' dir='ltr'>in</span> <span class='ocrx_word' id='word_1_204' title='bbox 944 3529 1014 3597; x_wconf 89' lang='lat' dir='ltr'>VII</span> <span class='ocrx_word' id='word_1_205' title='bbox 1026 3527 1230 3599; x_wconf 89' lang='lat' dir='ltr'>sectionem</span> <span class='ocrx_word' id='word_1_206' title='bbox 1241 3549 1323 3602; x_wconf 86' lang='lat' dir='ltr'>con·</span> 
     </span>
     <span class='ocr_line' id='line_1_28' title="bbox 323 3623 1323 3738; baseline 0.002 -31"><span class='ocrx_word' id='word_1_207' title='bbox 323 3638 439 3734; x_wconf 84' lang='lat' dir='ltr'>jectas</span> <span class='ocrx_word' id='word_1_208' title='bbox 464 3637 652 3728; x_wconf 85' lang='lat' dir='ltr'>videmus,</span> <span class='ocrx_word' id='word_1_209' title='bbox 679 3623 719 3710; x_wconf 89' lang='lat' dir='ltr'>in</span> <span class='ocrx_word' id='word_1_210' title='bbox 744 3665 836 3738; x_wconf 82' lang='lat' dir='ltr'>qua,</span> <span class='ocrx_word' id='word_1_211' title='bbox 861 3658 903 3714; x_wconf 91' lang='lat' dir='ltr'>ut</span> <span class='ocrx_word' id='word_1_212' title='bbox 920 3641 1008 3714; x_wconf 82' lang='lat' dir='ltr'>libri</span> <span class='ocrx_word' id='word_1_213' title='bbox 1033 3643 1147 3738; x_wconf 90' lang='lat' dir='ltr'>hujus</span> <span class='ocrx_word' id='word_1_214' title='bbox 1175 3638 1323 3714; x_wconf 90' lang='lat' dir='ltr'>secundi</span> 
     </span>
    </p>
   </div>
   <div class='ocr_carea' id='block_1_3' title="bbox 276 4001 562 4084">
    <p class='ocr_par' dir='ltr' id='par_1_3' title="bbox 276 4001 562 4084">
     <span class='ocr_line' id='line_1_29' title="bbox 276 4001 562 4084; baseline -0.007 -18"><span class='ocrx_word' id='word_1_215' title='bbox 276 4001 279 4006; x_wconf 84' lang='lat'>·</span> <span class='ocrx_word' id='word_1_216' title='bbox 364 4006 407 4084; x_wconf 70' lang='grc' dir='ltr'>(ι)</span> <span class='ocrx_word' id='word_1_217' title='bbox 427 4007 499 4066; x_wconf 72' lang='lat' dir='ltr'>oss.</span> <span class='ocrx_word' id='word_1_218' title='bbox 517 4027 562 4079; x_wconf 85' lang='lat'>17.</span> 
     </span>
    </p>
   </div>
   <div class='ocr_carea' id='block_1_4' title="bbox 0 0 1404 4674">
    <p class='ocr_par' dir='ltr' id='par_1_4' title="bbox 0 0 1404 4674">
     <span class='ocr_line' id='line_1_30' title="bbox 0 0 1404 4674; baseline 0 2"><span class='ocrx_word' id='word_1_219' title='bbox 0 0 1404 4674; x_wconf 95' lang='lat' dir='ltr'> </span> 
     </span>
    </p>
   </div>
  </div>
 </body>
</html>
