<?xml version="1.0" encoding="UTF-8"?>
<!DOCTYPE html PUBLIC "-//W3C//DTD XHTML 1.0 Transitional//EN"
    "http://www.w3.org/TR/xhtml1/DTD/xhtml1-transitional.dtd">
<html xmlns="http://www.w3.org/1999/xhtml" xml:lang="en" lang="en">
 <head>
  <title>
</title>
<meta http-equiv="Content-Type" content="text/html;charset=utf-8" />
  <meta name='ocr-system' content='tesseract 3.04.00' />
  <meta name='ocr-capabilities' content='ocr_page ocr_carea ocr_par ocr_line ocrx_word'/>
</head>
<body>
  <div class='ocr_page' id='page_1' title='image "./desedibusetcaus01adelgoog_0211.png"; bbox 0 0 2808 4664; ppageno 0'>
   <div class='ocr_carea' id='block_1_1' title="bbox 291 427 1127 502">
    <p class='ocr_par' dir='ltr' id='par_1_1' title="bbox 291 427 1127 502">
     <span class='ocr_line' id='line_1_1' title="bbox 291 427 1127 502; baseline -0.006 -1"><span class='ocrx_word' id='word_1_1' title='bbox 291 427 363 502; x_wconf 75' lang='lat'>216</span> <span class='ocrx_word' id='word_1_2' title='bbox 456 447 503 496; x_wconf 79' lang='lat' dir='ltr'>nn</span> <span class='ocrx_word' id='word_1_3' title='bbox 528 443 675 495; x_wconf 80' lang='lat' dir='ltr'>sanrnus</span> <span class='ocrx_word' id='word_1_4' title='bbox 699 445 743 494; x_wconf 78' lang='lat' dir='ltr'>nr</span> <span class='ocrx_word' id='word_1_5' title='bbox 768 443 892 495; x_wconf 78' lang='lat' dir='ltr'>causis</span> <span class='ocrx_word' id='word_1_6' title='bbox 916 445 1127 498; x_wconf 75' lang='lat' dir='ltr'>nonnosum</span> 
     </span>
    </p>
   </div>
   <div class='ocr_carea' id='block_1_2' title="bbox 289 559 1297 1011">
    <p class='ocr_par' dir='ltr' id='par_1_2' title="bbox 289 559 1297 1011">
     <span class='ocr_line' id='line_1_2' title="bbox 289 559 1297 650; baseline 0 -16"><span class='ocrx_word' id='word_1_7' title='bbox 289 589 376 635; x_wconf 87' lang='lat' dir='ltr'>men</span> <span class='ocrx_word' id='word_1_8' title='bbox 394 576 504 632; x_wconf 82' lang='lat' dir='ltr'>aortae</span> <span class='ocrx_word' id='word_1_9' title='bbox 519 562 629 631; x_wconf 87' lang='lat' dir='ltr'>etiam</span> <span class='ocrx_word' id='word_1_10' title='bbox 643 559 797 630; x_wconf 81' lang='lat' dir='ltr'>valvulae</span> <span class='ocrx_word' id='word_1_11' title='bbox 813 575 893 630; x_wconf 87' lang='lat' dir='ltr'>tum</span> <span class='ocrx_word' id='word_1_12' title='bbox 911 563 1128 650; x_wconf 82' lang='lat' dir='ltr'>crassiores,</span> <span class='ocrx_word' id='word_1_13' title='bbox 1139 577 1223 634; x_wconf 90' lang='lat' dir='ltr'>tum</span> <span class='ocrx_word' id='word_1_14' title='bbox 1238 561 1297 634; x_wconf 89' lang='lat' dir='ltr'>os-</span> 
     </span>
     <span class='ocr_line' id='line_1_3' title="bbox 289 676 1296 778; baseline -0.006 -24"><span class='ocrx_word' id='word_1_15' title='bbox 289 681 417 754; x_wconf 76' lang='lat' dir='ltr'>siculis</span> <span class='ocrx_word' id='word_1_16' title='bbox 437 676 644 750; x_wconf 88' lang='lat' dir='ltr'>durissimis</span> <span class='ocrx_word' id='word_1_17' title='bbox 662 677 876 748; x_wconf 84' lang='lat' dir='ltr'>instructae:</span> <span class='ocrx_word' id='word_1_18' title='bbox 897 691 934 750; x_wconf 91' lang='lat' dir='ltr'>et</span> <span class='ocrx_word' id='word_1_19' title='bbox 951 681 1184 750; x_wconf 87' lang='lat' dir='ltr'>Reimannus</span> <span class='ocrx_word' id='word_1_20' title='bbox 1202 705 1296 778; x_wconf 75' lang='lat' dir='ltr'>prae-</span> 
     </span>
     <span class='ocr_line' id='line_1_4' title="bbox 289 793 1295 886; baseline -0.004 -16"><span class='ocrx_word' id='word_1_21' title='bbox 289 813 349 870; x_wconf 89' lang='lat' dir='ltr'>ter</span> <span class='ocrx_word' id='word_1_22' title='bbox 376 797 594 883; x_wconf 88' lang='lat' dir='ltr'>columnas,</span> <span class='ocrx_word' id='word_1_23' title='bbox 617 810 660 868; x_wconf 91' lang='lat' dir='ltr'>ut</span> <span class='ocrx_word' id='word_1_24' title='bbox 684 793 826 865; x_wconf 90' lang='lat' dir='ltr'>dictum</span> <span class='ocrx_word' id='word_1_25' title='bbox 856 811 929 882; x_wconf 90' lang='lat' dir='ltr'>est,</span> <span class='ocrx_word' id='word_1_26' title='bbox 954 821 1093 886; x_wconf 89' lang='lat' dir='ltr'>osseas,</span> <span class='ocrx_word' id='word_1_27' title='bbox 1119 797 1295 868; x_wconf 81' lang='lat' dir='ltr'>arteriam</span> 
     </span>
     <span class='ocr_line' id='line_1_5' title="bbox 289 910 1296 1011; baseline -0.003 -24"><span class='ocrx_word' id='word_1_28' title='bbox 289 917 390 987; x_wconf 90' lang='lat' dir='ltr'>illam</span> <span class='ocrx_word' id='word_1_29' title='bbox 411 912 565 1011; x_wconf 78' lang='lat' dir='ltr'>lapideis</span> <span class='ocrx_word' id='word_1_30' title='bbox 584 913 686 985; x_wconf 91' lang='lat' dir='ltr'>intus</span> <span class='ocrx_word' id='word_1_31' title='bbox 698 910 974 984; x_wconf 84' lang='lat' dir='ltr'>adhaerentihus</span> <span class='ocrx_word' id='word_1_32' title='bbox 987 912 1296 986; x_wconf 86' lang='lat' dir='ltr'>concretionibus</span> 
     </span>
    </p>
   </div>
   <div class='ocr_carea' id='block_1_3' title="bbox 178 1027 1388 1128">
    <p class='ocr_par' dir='ltr' id='par_1_3' title="bbox 178 1027 1388 1128">
     <span class='ocr_line' id='line_1_6' title="bbox 178 1027 1388 1128; baseline -0.007 -21"><span class='ocrx_word' id='word_1_33' title='bbox 178 1115 183 1119; x_wconf 54' lang='grc'>,</span> <span class='ocrx_word' id='word_1_34' title='bbox 289 1031 563 1128; x_wconf 82' lang='lat' dir='ltr'>augustiorem,</span> <span class='ocrx_word' id='word_1_35' title='bbox 580 1043 617 1100; x_wconf 90' lang='lat' dir='ltr'>et</span> <span class='ocrx_word' id='word_1_36' title='bbox 632 1028 829 1128; x_wconf 90' lang='lat' dir='ltr'>pericardii</span> <span class='ocrx_word' id='word_1_37' title='bbox 848 1027 1057 1128; x_wconf 85' lang='lat' dir='ltr'>hydropem</span> <span class='ocrx_word' id='word_1_38' title='bbox 1074 1029 1189 1102; x_wconf 89' lang='lat' dir='ltr'>simul</span> <span class='ocrx_word' id='word_1_39' title='bbox 1207 1053 1293 1102; x_wconf 94' lang='lat' dir='ltr'>con·</span> <span class='ocrx_word' id='word_1_40' title='bbox 1387 1039 1388 1120; x_wconf 49' lang='grc' dir='ltr'>ζ</span> 
     </span>
    </p>
   </div>
   <div class='ocr_carea' id='block_1_4' title="bbox 290 1145 1388 2070">
    <p class='ocr_par' dir='ltr' id='par_1_4' title="bbox 290 1145 1388 2070">
     <span class='ocr_line' id='line_1_7' title="bbox 292 1145 1295 1247; baseline -0.005 -25"><span class='ocrx_word' id='word_1_41' title='bbox 292 1163 481 1247; x_wconf 83' lang='lat' dir='ltr'>spexerat:</span> <span class='ocrx_word' id='word_1_42' title='bbox 495 1146 737 1220; x_wconf 88' lang='lat' dir='ltr'>Vieussenius</span> <span class='ocrx_word' id='word_1_43' title='bbox 750 1161 874 1219; x_wconf 83' lang='lat' dir='ltr'>autem</span> <span class='ocrx_word' id='word_1_44' title='bbox 892 1162 928 1220; x_wconf 91' lang='lat' dir='ltr'>et</span> <span class='ocrx_word' id='word_1_45' title='bbox 943 1147 1151 1236; x_wconf 83' lang='lat' dir='ltr'>thoracem,</span> <span class='ocrx_word' id='word_1_46' title='bbox 1171 1145 1295 1244; x_wconf 90' lang='lat' dir='ltr'>etpul·</span> 
     </span>
     <span class='ocr_line' id='line_1_8' title="bbox 292 1265 1388 1363; baseline -0.002 -25"><span class='ocrx_word' id='word_1_47' title='bbox 292 1290 427 1338; x_wconf 88' lang='lat' dir='ltr'>mones</span> <span class='ocrx_word' id='word_1_48' title='bbox 443 1289 526 1338; x_wconf 90' lang='lat' dir='ltr'>sero</span> <span class='ocrx_word' id='word_1_49' title='bbox 543 1265 697 1363; x_wconf 90' lang='lat' dir='ltr'>plenos,</span> <span class='ocrx_word' id='word_1_50' title='bbox 714 1279 751 1336; x_wconf 90' lang='lat' dir='ltr'>et</span> <span class='ocrx_word' id='word_1_51' title='bbox 769 1288 853 1336; x_wconf 86' lang='lat' dir='ltr'>vasa</span> <span class='ocrx_word' id='word_1_52' title='bbox 869 1289 1004 1363; x_wconf 81' lang='lat' dir='ltr'>magna</span> <span class='ocrx_word' id='word_1_53' title='bbox 1024 1265 1169 1351; x_wconf 89' lang='lat' dir='ltr'>omnia,</span> <span class='ocrx_word' id='word_1_54' title='bbox 1188 1265 1220 1338; x_wconf 89' lang='lat' dir='ltr'>si</span> <span class='ocrx_word' id='word_1_55' title='bbox 1237 1288 1293 1336; x_wconf 87' lang='lat' dir='ltr'>ar·</span> <span class='ocrx_word' id='word_1_56' title='bbox 1387 1305 1388 1350; x_wconf 66' lang='lat'>,</span> 
     </span>
     <span class='ocr_line' id='line_1_9' title="bbox 290 1381 1294 1480; baseline -0.004 -24"><span class='ocrx_word' id='word_1_57' title='bbox 290 1385 421 1456; x_wconf 86' lang='lat' dir='ltr'>teriam</span> <span class='ocrx_word' id='word_1_58' title='bbox 438 1383 614 1480; x_wconf 85' lang='lat' dir='ltr'>excipias,</span> <span class='ocrx_word' id='word_1_59' title='bbox 624 1382 772 1454; x_wconf 85' lang='lat' dir='ltr'>dilatata</span> <span class='ocrx_word' id='word_1_60' title='bbox 787 1381 1096 1480; x_wconf 86' lang='lat' dir='ltr'>deprehenderat.</span> <span class='ocrx_word' id='word_1_61' title='bbox 1111 1384 1171 1454; x_wconf 87' lang='lat' dir='ltr'>Sic</span> <span class='ocrx_word' id='word_1_62' title='bbox 1183 1383 1294 1454; x_wconf 88' lang='lat' dir='ltr'>etiarn</span> 
     </span>
     <span class='ocr_line' id='line_1_10' title="bbox 290 1498 1292 1598; baseline 0.001 -27"><span class='ocrx_word' id='word_1_63' title='bbox 290 1500 616 1598; x_wconf 76' lang='lat' dir='ltr'>praestantissimus</span> <span class='ocrx_word' id='word_1_64' title='bbox 635 1501 692 1570; x_wconf 87' lang='lat' dir='ltr'>vir</span> <span class='ocrx_word' id='word_1_65' title='bbox 714 1498 883 1572; x_wconf 88' lang='lat' dir='ltr'>Hallerus</span> <span class='ocrx_word' id='word_1_66' title='bbox 898 1499 915 1596; x_wconf 92' lang='lat'>(</span> <span class='ocrx_word' id='word_1_67' title='bbox 932 1525 942 1568; x_wconf 93' lang='lat'>1</span> <span class='ocrx_word' id='word_1_68' title='bbox 956 1499 975 1596; x_wconf 92' lang='lat'><em>)</em></span> <span class='ocrx_word' id='word_1_69' title='bbox 989 1513 1074 1598; x_wconf 89' lang='lat' dir='ltr'>post</span> <span class='ocrx_word' id='word_1_70' title='bbox 1095 1499 1292 1572; x_wconf 80' lang='lat' dir='ltr'>haeredita·</span> 
     </span>
     <span class='ocr_line' id='line_1_11' title="bbox 291 1616 1293 1715; baseline -0.001 -26"><span class='ocrx_word' id='word_1_71' title='bbox 291 1621 383 1690; x_wconf 88' lang='lat' dir='ltr'>riam</span> <span class='ocrx_word' id='word_1_72' title='bbox 404 1616 528 1688; x_wconf 88' lang='lat' dir='ltr'>cordis</span> <span class='ocrx_word' id='word_1_73' title='bbox 541 1616 841 1715; x_wconf 80' lang='lat' dir='ltr'>palpitationem,</span> <span class='ocrx_word' id='word_1_74' title='bbox 861 1617 1026 1690; x_wconf 89' lang='lat' dir='ltr'>mitrales</span> <span class='ocrx_word' id='word_1_75' title='bbox 1047 1617 1202 1714; x_wconf 90' lang='lat' dir='ltr'>quidem</span> <span class='ocrx_word' id='word_1_76' title='bbox 1217 1617 1293 1688; x_wconf 86' lang='lat' dir='ltr'>val-</span> 
     </span>
     <span class='ocr_line' id='line_1_12' title="bbox 291 1733 1292 1822; baseline 0 -17"><span class='ocrx_word' id='word_1_77' title='bbox 291 1737 394 1807; x_wconf 87' lang='lat' dir='ltr'>vulas</span> <span class='ocrx_word' id='word_1_78' title='bbox 410 1751 505 1806; x_wconf 86' lang='lat' dir='ltr'>tutas</span> <span class='ocrx_word' id='word_1_79' title='bbox 521 1733 740 1806; x_wconf 88' lang='lat' dir='ltr'>durissimas</span> <span class='ocrx_word' id='word_1_80' title='bbox 758 1749 796 1806; x_wconf 91' lang='lat' dir='ltr'>et</span> <span class='ocrx_word' id='word_1_81' title='bbox 808 1733 1047 1818; x_wconf 86' lang='lat' dir='ltr'>solidissimas</span> <span class='ocrx_word' id='word_1_82' title='bbox 1058 1733 1238 1822; x_wconf 85' lang='lat' dir='ltr'>offendit,</span> <span class='ocrx_word' id='word_1_83' title='bbox 1257 1748 1292 1806; x_wconf 92' lang='lat' dir='ltr'>et</span> 
     </span>
     <span class='ocr_line' id='line_1_13' title="bbox 290 1852 1388 1951; baseline -0.002 -25"><span class='ocrx_word' id='word_1_84' title='bbox 290 1854 523 1926; x_wconf 90' lang='lat' dir='ltr'>calculorum</span> <span class='ocrx_word' id='word_1_85' title='bbox 541 1854 697 1924; x_wconf 88' lang='lat' dir='ltr'>materia</span> <span class='ocrx_word' id='word_1_86' title='bbox 718 1852 811 1924; x_wconf 87' lang='lat' dir='ltr'>adeo</span> <span class='ocrx_word' id='word_1_87' title='bbox 830 1852 976 1950; x_wconf 87' lang='lat' dir='ltr'>plenas,</span> <span class='ocrx_word' id='word_1_88' title='bbox 1000 1867 1042 1924; x_wconf 89' lang='lat' dir='ltr'>ut</span> <span class='ocrx_word' id='word_1_89' title='bbox 1064 1852 1291 1951; x_wconf 45' lang='lat' dir='ltr'>passim&#39;dis·</span> <span class='ocrx_word' id='word_1_90' title='bbox 1387 1857 1388 1868; x_wconf 75' lang='grc'>’</span> 
     </span>
     <span class='ocr_line' id='line_1_14' title="bbox 292 1969 1293 2070; baseline -0.004 -26"><span class='ocrx_word' id='word_1_91' title='bbox 292 1973 407 2044; x_wconf 86' lang='lat' dir='ltr'>sectis</span> <span class='ocrx_word' id='word_1_92' title='bbox 428 1969 532 2042; x_wconf 88' lang='lat' dir='ltr'>libris</span> <span class='ocrx_word' id='word_1_93' title='bbox 557 1985 775 2068; x_wconf 89' lang='lat' dir='ltr'>creparent,</span> <span class='ocrx_word' id='word_1_94' title='bbox 801 1969 865 2042; x_wconf 88' lang='lat' dir='ltr'>sed</span> <span class='ocrx_word' id='word_1_95' title='bbox 891 1985 929 2042; x_wconf 90' lang='lat' dir='ltr'>et</span> <span class='ocrx_word' id='word_1_96' title='bbox 956 1995 1106 2042; x_wconf 87' lang='lat' dir='ltr'>earnem</span> <span class='ocrx_word' id='word_1_97' title='bbox 1127 1971 1293 2070; x_wconf 88' lang='lat' dir='ltr'>proximi</span> 
     </span>
    </p>
   </div>
   <div class='ocr_carea' id='block_1_5' title="bbox 183 2087 1292 2190">
    <p class='ocr_par' dir='ltr' id='par_1_5' title="bbox 183 2087 1292 2190">
     <span class='ocr_line' id='line_1_15' title="bbox 183 2087 1292 2190; baseline 0 -30"><span class='ocrx_word' id='word_1_98' title='bbox 183 2125 185 2130; x_wconf 96' lang='lat'>·</span> <span class='ocrx_word' id='word_1_99' title='bbox 290 2090 524 2188; x_wconf 88' lang='lat' dir='ltr'>pulmonaris</span> <span class='ocrx_word' id='word_1_100' title='bbox 536 2089 640 2160; x_wconf 88' lang='lat' dir='ltr'>sinus</span> <span class='ocrx_word' id='word_1_101' title='bbox 654 2087 878 2186; x_wconf 88' lang='lat' dir='ltr'>lapidosam,</span> <span class='ocrx_word' id='word_1_102' title='bbox 895 2103 932 2161; x_wconf 86' lang='lat' dir='ltr'>et</span> <span class='ocrx_word' id='word_1_103' title='bbox 944 2088 1069 2160; x_wconf 89' lang='lat' dir='ltr'>cordis</span> <span class='ocrx_word' id='word_1_104' title='bbox 1079 2089 1198 2186; x_wconf 90' lang='lat' dir='ltr'>ipsius</span> <span class='ocrx_word' id='word_1_105' title='bbox 1210 2115 1292 2190; x_wconf 90' lang='lat' dir='ltr'>par·</span> 
     </span>
    </p>
   </div>
   <div class='ocr_carea' id='block_1_6' title="bbox 290 2203 1388 3718">
    <p class='ocr_par' dir='ltr' id='par_1_6' title="bbox 290 2203 1388 3490">
     <span class='ocr_line' id='line_1_16' title="bbox 290 2203 1291 2305; baseline 0.001 -29"><span class='ocrx_word' id='word_1_106' title='bbox 290 2219 367 2276; x_wconf 85' lang='lat' dir='ltr'>tem</span> <span class='ocrx_word' id='word_1_107' title='bbox 396 2203 689 2301; x_wconf 84' lang='lat' dir='ltr'>semilapideam,</span> <span class='ocrx_word' id='word_1_108' title='bbox 713 2219 751 2276; x_wconf 92' lang='lat' dir='ltr'>et</span> <span class='ocrx_word' id='word_1_109' title='bbox 773 2205 1024 2304; x_wconf 88' lang='lat' dir='ltr'>pericardium</span> <span class='ocrx_word' id='word_1_110' title='bbox 1047 2208 1184 2305; x_wconf 89' lang='lat' dir='ltr'>passim</span> <span class='ocrx_word' id='word_1_111' title='bbox 1211 2223 1291 2279; x_wconf 90' lang='lat' dir='ltr'>tum</span> 
     </span>
     <span class='ocr_line' id='line_1_17' title="bbox 294 2321 1293 2412; baseline 0.002 -20"><span class='ocrx_word' id='word_1_112' title='bbox 294 2321 452 2392; x_wconf 87' lang='lat' dir='ltr'>skirrhis</span> <span class='ocrx_word' id='word_1_113' title='bbox 470 2321 681 2409; x_wconf 88' lang='lat' dir='ltr'>obsessum,</span> <span class='ocrx_word' id='word_1_114' title='bbox 697 2338 778 2396; x_wconf 89' lang='lat' dir='ltr'>tum</span> <span class='ocrx_word' id='word_1_115' title='bbox 797 2324 903 2395; x_wconf 91' lang='lat' dir='ltr'>cordi</span> <span class='ocrx_word' id='word_1_116' title='bbox 919 2322 1114 2412; x_wconf 73' lang='lat' dir='ltr'>adnutum,</span> <span class='ocrx_word' id='word_1_117' title='bbox 1132 2338 1197 2396; x_wconf 87' lang='lat' dir='ltr'>aut</span> <span class='ocrx_word' id='word_1_118' title='bbox 1215 2324 1293 2411; x_wconf 89' lang='lat' dir='ltr'>alia,</span> 
     </span>
     <span class='ocr_line' id='line_1_18' title="bbox 296 2437 1388 2540; baseline 0.005 -30"><span class='ocrx_word' id='word_1_119' title='bbox 296 2455 332 2510; x_wconf 90' lang='lat' dir='ltr'>et</span> <span class='ocrx_word' id='word_1_120' title='bbox 355 2441 393 2509; x_wconf 88' lang='lat' dir='ltr'>in</span> <span class='ocrx_word' id='word_1_121' title='bbox 420 2437 479 2512; x_wconf 91' lang='lat' dir='ltr'>his</span> <span class='ocrx_word' id='word_1_122' title='bbox 500 2465 582 2536; x_wconf 91' lang='lat' dir='ltr'>quae</span> <span class='ocrx_word' id='word_1_123' title='bbox 607 2441 654 2514; x_wconf 94' lang='lat' dir='ltr'>de</span> <span class='ocrx_word' id='word_1_124' title='bbox 676 2440 823 2540; x_wconf 82' lang='lat' dir='ltr'>rigidis,</span> <span class='ocrx_word' id='word_1_125' title='bbox 849 2456 886 2514; x_wconf 92' lang='lat' dir='ltr'>et</span> <span class='ocrx_word' id='word_1_126' title='bbox 906 2439 1233 2540; x_wconf 84' lang='lat' dir='ltr'>inexplicabilibus</span> <span class='ocrx_word' id='word_1_127' title='bbox 1254 2445 1293 2514; x_wconf 92' lang='lat' dir='ltr'>in</span> <span class='ocrx_word' id='word_1_128' title='bbox 1387 2445 1388 2452; x_wconf 73' lang='grc'>’</span> 
     </span>
     <span class='ocr_line' id='line_1_19' title="bbox 295 2541 1293 2646; baseline 0.002 -14"><span class='ocrx_word' id='word_1_129' title='bbox 295 2541 429 2632; x_wconf 81' lang='lat' dir='ltr'>eodem</span> <span class='ocrx_word' id='word_1_130' title='bbox 448 2558 626 2632; x_wconf 85' lang='lat' dir='ltr'>cadavere</span> <span class='ocrx_word' id='word_1_131' title='bbox 643 2574 755 2630; x_wconf 89' lang='lat' dir='ltr'>aortae</span> <span class='ocrx_word' id='word_1_132' title='bbox 771 2559 928 2630; x_wconf 84' lang='lat' dir='ltr'>valvulis</span> <span class='ocrx_word' id='word_1_133' title='bbox 946 2557 1143 2632; x_wconf 89' lang='lat' dir='ltr'>retulimus</span> <span class='ocrx_word' id='word_1_134' title='bbox 1163 2575 1293 2646; x_wconf 87' lang='lat' dir='ltr'>antea,</span> 
     </span>
     <span class='ocr_line' id='line_1_20' title="bbox 294 2677 1292 2775; baseline 0.004 -29"><span class='ocrx_word' id='word_1_135' title='bbox 294 2679 645 2775; x_wconf 70' lang='lat' dir='ltr'>praetermittamus,</span> <span class='ocrx_word' id='word_1_136' title='bbox 670 2678 868 2774; x_wconf 89' lang='lat' dir='ltr'>multoque</span> <span class='ocrx_word' id='word_1_137' title='bbox 893 2678 1011 2774; x_wconf 87' lang='lat' dir='ltr'>magis</span> <span class='ocrx_word' id='word_1_138' title='bbox 1039 2701 1122 2774; x_wconf 87' lang='lat' dir='ltr'>quae</span> <span class='ocrx_word' id='word_1_139' title='bbox 1149 2677 1191 2748; x_wconf 93' lang='lat' dir='ltr'>in</span> <span class='ocrx_word' id='word_1_140' title='bbox 1219 2703 1292 2750; x_wconf 87' lang='lat' dir='ltr'>anu</span> 
     </span>
     <span class='ocr_line' id='line_1_21' title="bbox 295 2793 1292 2896; baseline 0.002 -30"><span class='ocrx_word' id='word_1_141' title='bbox 295 2793 457 2892; x_wconf 90' lang='lat' dir='ltr'>quadam</span> <span class='ocrx_word' id='word_1_142' title='bbox 475 2794 558 2892; x_wconf 83' lang='lat'>(2)</span> <span class='ocrx_word' id='word_1_143' title='bbox 576 2796 770 2896; x_wconf 86' lang='lat' dir='ltr'>conspexit</span> <span class='ocrx_word' id='word_1_144' title='bbox 790 2819 869 2866; x_wconf 91' lang='lat' dir='ltr'>non</span> <span class='ocrx_word' id='word_1_145' title='bbox 888 2793 1004 2866; x_wconf 93' lang='lat' dir='ltr'>modo</span> <span class='ocrx_word' id='word_1_146' title='bbox 1025 2794 1063 2864; x_wconf 91' lang='lat' dir='ltr'>in</span> <span class='ocrx_word' id='word_1_147' title='bbox 1092 2794 1216 2893; x_wconf 90' lang='lat' dir='ltr'>aliqua</span> <span class='ocrx_word' id='word_1_148' title='bbox 1236 2821 1292 2868; x_wconf 91' lang='lat' dir='ltr'>ea-</span> 
     </span>
     <span class='ocr_line' id='line_1_22' title="bbox 294 2911 1292 3010; baseline 0.003 -28"><span class='ocrx_word' id='word_1_149' title='bbox 294 2911 468 2983; x_wconf 89' lang='lat' dir='ltr'>rumdem</span> <span class='ocrx_word' id='word_1_150' title='bbox 487 2912 741 3002; x_wconf 89' lang='lat' dir='ltr'>valvularum,</span> <span class='ocrx_word' id='word_1_151' title='bbox 761 2912 825 2986; x_wconf 92' lang='lat' dir='ltr'>sed</span> <span class='ocrx_word' id='word_1_152' title='bbox 849 2925 886 2983; x_wconf 88' lang='lat' dir='ltr'>et</span> <span class='ocrx_word' id='word_1_153' title='bbox 911 2913 951 2982; x_wconf 91' lang='lat' dir='ltr'>in</span> <span class='ocrx_word' id='word_1_154' title='bbox 977 2913 1150 3010; x_wconf 89' lang='lat' dir='ltr'>proxima</span> <span class='ocrx_word' id='word_1_155' title='bbox 1167 2929 1292 3000; x_wconf 77' lang='lat' dir='ltr'>sorta,</span> 
     </span>
     <span class='ocr_line' id='line_1_23' title="bbox 296 3029 1292 3128; baseline 0.002 -28"><span class='ocrx_word' id='word_1_156' title='bbox 296 3030 508 3128; x_wconf 89' lang='lat' dir='ltr'>arteriaque</span> <span class='ocrx_word' id='word_1_157' title='bbox 528 3029 764 3127; x_wconf 88' lang='lat' dir='ltr'>pulmonari,</span> <span class='ocrx_word' id='word_1_158' title='bbox 785 3029 898 3102; x_wconf 89' lang='lat' dir='ltr'>corde</span> <span class='ocrx_word' id='word_1_159' title='bbox 916 3031 1019 3127; x_wconf 90' lang='lat' dir='ltr'>ipso,</span> <span class='ocrx_word' id='word_1_160' title='bbox 1044 3043 1081 3102; x_wconf 88' lang='lat' dir='ltr'>et</span> <span class='ocrx_word' id='word_1_161' title='bbox 1098 3030 1179 3126; x_wconf 87' lang='lat' dir='ltr'>ejus</span> <span class='ocrx_word' id='word_1_162' title='bbox 1198 3047 1292 3102; x_wconf 87' lang='lat' dir='ltr'>arte·</span> 
     </span>
     <span class='ocr_line' id='line_1_24' title="bbox 294 3146 1291 3247; baseline 0 -29"><span class='ocrx_word' id='word_1_163' title='bbox 294 3147 359 3218; x_wconf 90' lang='lat' dir='ltr'>riis</span> <span class='ocrx_word' id='word_1_164' title='bbox 384 3149 611 3237; x_wconf 86' lang='lat' dir='ltr'>coronariis,</span> <span class='ocrx_word' id='word_1_165' title='bbox 637 3149 778 3247; x_wconf 91' lang='lat' dir='ltr'>quippe</span> <span class='ocrx_word' id='word_1_166' title='bbox 803 3147 972 3246; x_wconf 86' lang='lat' dir='ltr'>graviora</span> <span class='ocrx_word' id='word_1_167' title='bbox 993 3170 1107 3244; x_wconf 86' lang='lat' dir='ltr'>quarn</span> <span class='ocrx_word' id='word_1_168' title='bbox 1133 3146 1237 3244; x_wconf 84' lang='lat' dir='ltr'>quod</span> <span class='ocrx_word' id='word_1_169' title='bbox 1255 3150 1291 3218; x_wconf 91' lang='lat' dir='ltr'>in</span> 
     </span>
     <span class='ocr_line' id='line_1_25' title="bbox 295 3261 1388 3362; baseline 0.002 -28"><span class='ocrx_word' id='word_1_170' title='bbox 295 3261 409 3334; x_wconf 88' lang='lat' dir='ltr'>altera</span> <span class='ocrx_word' id='word_1_171' title='bbox 429 3265 565 3335; x_wconf 86' lang='lat' dir='ltr'>mitrali</span> <span class='ocrx_word' id='word_1_172' title='bbox 589 3264 736 3337; x_wconf 85' lang='lat' dir='ltr'>valvula</span> <span class='ocrx_word' id='word_1_173' title='bbox 754 3279 850 3352; x_wconf 87' lang='lat' dir='ltr'>erat,</span> <span class='ocrx_word' id='word_1_174' title='bbox 868 3263 1070 3362; x_wconf 77' lang='lat' dir='ltr'>prasertim</span> <span class='ocrx_word' id='word_1_175' title='bbox 1090 3287 1182 3336; x_wconf 89' lang='lat' dir='ltr'>vero</span> <span class='ocrx_word' id='word_1_176' title='bbox 1207 3268 1291 3362; x_wconf 90' lang='lat' dir='ltr'>quia</span> <span class='ocrx_word' id='word_1_177' title='bbox 1387 3261 1388 3344; x_wconf 65' lang='grc' dir='ltr'><strong>ἶ</strong></span> 
     </span>
     <span class='ocr_line' id='line_1_26' title="bbox 295 3378 1388 3490; baseline 0.003 -41"><span class='ocrx_word' id='word_1_178' title='bbox 295 3378 342 3450; x_wconf 92' lang='lat' dir='ltr'>de</span> <span class='ocrx_word' id='word_1_179' title='bbox 359 3379 501 3452; x_wconf 86' lang='lat' dir='ltr'>morbis</span> <span class='ocrx_word' id='word_1_180' title='bbox 517 3383 583 3478; x_wconf 92' lang='lat' dir='ltr'>qui</span> <span class='ocrx_word' id='word_1_181' title='bbox 596 3382 790 3454; x_wconf 91' lang='lat' dir='ltr'>mulierem</span> <span class='ocrx_word' id='word_1_182' title='bbox 803 3395 1015 3471; x_wconf 84' lang='lat' dir='ltr'>vexassent,</span> <span class='ocrx_word' id='word_1_183' title='bbox 1028 3379 1124 3451; x_wconf 93' lang='lat' dir='ltr'>nihil</span> <span class='ocrx_word' id='word_1_184' title='bbox 1137 3396 1289 3454; x_wconf 88' lang='lat' dir='ltr'>constat.</span> <span class='ocrx_word' id='word_1_185' title='bbox 1387 3473 1388 3490; x_wconf 12' lang='grc' dir='ltr'>χ</span> 
     </span>
    </p>

    <p class='ocr_par' dir='ltr' id='par_1_7' title="bbox 298 3496 1292 3718">
     <span class='ocr_line' id='line_1_27' title="bbox 360 3496 1292 3597; baseline 0.002 -31"><span class='ocrx_word' id='word_1_186' title='bbox 360 3496 412 3568; x_wconf 82' lang='lat'>13.</span> <span class='ocrx_word' id='word_1_187' title='bbox 437 3497 507 3569; x_wconf 90' lang='lat' dir='ltr'>Sed</span> <span class='ocrx_word' id='word_1_188' title='bbox 530 3498 604 3571; x_wconf 90' lang='lat' dir='ltr'>huc</span> <span class='ocrx_word' id='word_1_189' title='bbox 632 3499 728 3572; x_wconf 88' lang='lat' dir='ltr'>adde</span> <span class='ocrx_word' id='word_1_190' title='bbox 754 3524 882 3572; x_wconf 88' lang='lat' dir='ltr'>eorum</span> <span class='ocrx_word' id='word_1_191' title='bbox 911 3497 1211 3589; x_wconf 86' lang='lat' dir='ltr'>observationes,</span> <span class='ocrx_word' id='word_1_192' title='bbox 1230 3501 1292 3597; x_wconf 90' lang='lat' dir='ltr'>qui</span> 
     </span>
     <span class='ocr_line' id='line_1_28' title="bbox 298 3613 1292 3718; baseline -0.002 -28"><span class='ocrx_word' id='word_1_193' title='bbox 298 3641 383 3690; x_wconf 89' lang='lat' dir='ltr'>cum</span> <span class='ocrx_word' id='word_1_194' title='bbox 400 3639 539 3706; x_wconf 87' lang='lat' dir='ltr'>osseas,</span> <span class='ocrx_word' id='word_1_195' title='bbox 557 3633 622 3692; x_wconf 90' lang='lat' dir='ltr'>aut</span> <span class='ocrx_word' id='word_1_196' title='bbox 638 3617 795 3718; x_wconf 85' lang='lat' dir='ltr'>rigidas,</span> <span class='ocrx_word' id='word_1_197' title='bbox 809 3619 960 3716; x_wconf 90' lang='lat' dir='ltr'>suisque</span> <span class='ocrx_word' id='word_1_198' title='bbox 979 3613 1111 3690; x_wconf 85' lang='lat' dir='ltr'>officiis</span> <span class='ocrx_word' id='word_1_199' title='bbox 1131 3619 1292 3716; x_wconf 87' lang='lat' dir='ltr'>impares</span> 
     </span>
    </p>
   </div>
   <div class='ocr_carea' id='block_1_7' title="bbox 334 3865 833 4082">
    <p class='ocr_par' dir='ltr' id='par_1_8' title="bbox 334 3865 833 4082">
     <span class='ocr_line' id='line_1_29' title="bbox 334 3865 833 3984; baseline 0.002 -24"><span class='ocrx_word' id='word_1_200' title='bbox 334 3904 380 3982; x_wconf 73' lang='grc' dir='ltr'>(ι)</span> <span class='ocrx_word' id='word_1_201' title='bbox 400 3905 473 3962; x_wconf 68' lang='lat' dir='ltr'>oa..</span> <span class='ocrx_word' id='word_1_202' title='bbox 487 3865 833 3984; x_wconf 41' lang='lat' dir='ltr'>cit.aupra,&#39;n.9a10.</span> 
     </span>
     <span class='ocr_line' id='line_1_30' title="bbox 335 4003 539 4082; baseline 0.01 -20"><span class='ocrx_word' id='word_1_203' title='bbox 335 4003 380 4082; x_wconf 78' lang='lat' dir='ltr'>(a)</span> <span class='ocrx_word' id='word_1_204' title='bbox 400 4006 473 4066; x_wconf 75' lang='lat' dir='ltr'>obs.</span> <span class='ocrx_word' id='word_1_205' title='bbox 490 4003 539 4064; x_wconf 81' lang='lat'>51.</span> 
     </span>
    </p>
   </div>
   <div class='ocr_carea' id='block_1_8' title="bbox 0 0 1408 4664">
    <p class='ocr_par' dir='ltr' id='par_1_9' title="bbox 0 0 1408 4664">
     <span class='ocr_line' id='line_1_31' title="bbox 0 0 1408 4664; baseline 0 0"><span class='ocrx_word' id='word_1_206' title='bbox 0 0 1408 4664; x_wconf 95' lang='lat' dir='ltr'> </span> 
     </span>
    </p>
   </div>
  </div>
 </body>
</html>
