2850 4668
189 463 259 510 trs.
287 461 328 508 11.
359 459 406 506 rr
431 443 568 507 nosris
591 453 787 524 creontem,
811 441 926 509 briss.
953 463 1026 509 xxt.
1078 439 1126 512 63

116 575 245 674 lingua
262 575 385 672 nigra,
403 569 592 669 frequenti
613 571 748 670 pulsu,
766 581 805 644 et
822 573 1125 668 -intsrmittente,

113 711 336 794 quanquam
354 691 406 764 sic
419 690 507 762 satis
517 687 645 787 digitis
656 687 876 762 resistebat:
893 691 941 764 ad
953 715 1035 790 quae
1047 717 1127 792 per·

113 811 244 910 paucis
265 823 351 882 ante
372 819 533 882 mortem
546 804 652 878 boris
668 817 855 880 sterteret
867 809 1036 884 sublimis
1053 833 1128 884 res·

114 928 251 1027 piratio
263 945 462 998 accessere.
472 929 557 995 Jarn
569 946 660 995 vero
671 923 777 1022 quod
792 924 840 996 ud
852 928 1057 999 sectionem
1072 941 1126 1001 at-

112 1047 229 1135 tinet,
243 1044 348 1117 vides
361 1065 470 1132 saue,
483 1041 544 1113 bis
555 1063 713 1138 quoque
726 1043 938 1116 novissimis
951 1043 1126 1142 perlectis

114 1162 299 1251 historiis,
312 1161 452 1260 pleurce
472 1159 659 1248 laesiones,
682 1180 779 1257 quas
800 1160 895 1231 mibi
909 1161 1065 1259 quidem
1084 1164 1124 1234 in

114 1277 338 1379 hujusmodi
359 1275 502 1349 morbis
521 1275 658 1349 accidit
677 1287 721 1349 ut
736 1273 991 1368 offenderem,
1013 1276 1061 1353 ab
1080 1305 1126 1353 eo

110 1399 278 1472 multum
289 1393 452 1470 ubbtisse
464 1451 474 1486 ,
486 1407 529 1468 ut
541 1396 674 1467 mortis
685 1417 797 1469 causa
807 1397 956 1469 censeri
967 1399 1123 1496 possint.

112 1517 347 1589 Crassiorem
373 1513 550 1587 videlicet
571 1512 744 1612 pleuram
772 1514 920 1605 inveni3
953 1513 1020 1588 sed
1046 1541 1127 1590 non

117 1632 212 1706 adeo
232 1645 276 1706 ut
295 1631 398 1732 apud
415 1631 618 1740 ltiolanum
640 1627 836 1717 scribitur,
856 1631 918 1704 hic
936 1633 976 1703 in
993 1635 1126 1733 Sepul-

114 1749 251 1825 cbreto
268 1749 337 1850 (1)
353 1763 625 1838 memoratum,
653 1763 698 1821 ut
722 1748 883 1848 &cupio
903 1749 1014 1821 solito
1035 1767 1129 1824 esset

115 1873 295 1955 cmsstor,
307 1863 544 1940 neclividam
563 1879 603 1937 et
621 1865 837 1952 siberctum,
848 1867 925 1936 imo
939 1881 1064 1965 neque
1078 1869 1127 1942 ab

116 1983 417 2056 inflammatione
435 1981 650 2053 rubentem.
669 1985 716 2052 At
731 1981 811 2069 ille,
830 1982 974 2079 inquis,
992 1982 1129 2082 aliique

115 2100 372 2174 invenerunt:
386 2099 482 2197 quin
497 2109 534 2170 et
545 2096 621 2168 boc
631 2096 795 2186 addidit,
803 2108 1010 2200 propterca
1020 2108 1130 2200 scn'p-
1209 2097 1214 2106 “

18 2225 20 2232 ’
117 2221 211 2288 sisse
225 2219 512 2316 Hippocratem,
545 2213 733 2288 cadamo
749 2213 1035 2313 pleuriticorum
1054 2218 1129 2291 dis·

117 2347 222 2406 secta
238 2355 426 2434 apparere
438 2329 656 2429 fulgurita,
674 2331 784 2428 quod
797 2331 845 2404 de
855 2336 1029 2430 partibus
1048 2336 1126 2410 tho-

117 2457 216 2524 racis
231 2457 385 2523 internis
398 2445 756 2547 estsntettpendum.
771 2453 849 2548 Ego
861 2473 952 2524 vero
967 2451 1126 2528 aliorum

120 2567 403 2642 obsenationes
417 2591 499 2642 non
514 2587 637 2665 nego:
656 2579 771 2663 atque
788 2566 883 2640 adeo
902 2570 1015 2661 meis,
1033 2593 1128 2670 quas

120 2693 209 2756 mox
228 2683 446 2783 subjiciam,
469 2683 592 2758 libens
610 2682 693 2754 illas
712 2683 842 2781 quoud
858 2673 1015 2783 potero,
1034 2711 1126 2761 con-

120 2798 292 2875 firmabo.
318 2805 419 2893 Quas
439 2781 622 2875 hacteuus
643 2800 714 2872 tibi
735 2803 954 2901 perscripsi,
979 2827 1041 2884 eas
1065 2805 1128 2878 bic

122 2918 302 2994 duntaxat
317 2939 509 2994 recenseo.
527 2923 670 2997 Tamen
688 2919 719 2988 si
731 2919 929 3010 Riolunus,
942 2925 1129 2996 memorio

122 3041 248 3112 minus
260 3035 529 3127 conlisussuoe,
541 3037 780 3135 Hippocratis
792 3037 915 3108 locum
926 3038 1127 3137 relegisset,

124 3158 188 3253 qui
205 3171 326 3245 extat,
353 3155 511 3253 opinor,
539 3155 580 3226 in
606 3152 703 3226 libro
729 3152 777 3224 de
793 3159 912 3227 victur
929 3161 1078 3228 ratione
1091 3163 1129 3230 in

122 3267 259 3346 ¹morbis
276 3278 396 3344 acutis
408 3270 484 3369 (a),
501 3269 651 3344 nullum
671 3271 712 3340 in
729 3291 777 3341 eo
797 3271 1129 3360 essediss‘eotionis

123 3388 306 3464 indicium
332 3391 527 3478 sensisset,
551 3411 640 3461 cum
660 3403 805 3462 veteres
824 3387 998 3462 dicantur
1016 3415 1131 3490 quos·

124 3505 208 3582 dam
225 3508 447 3608 pleuriticos
469 3506 591 3579 sidere
608 3511 702 3578 ictos
722 3504 774 3576 ob
796 3503 870 3578 boc
889 3509 1000 3580 etiam
1019 3522 1131 3608 puta·

123 3625 237 3715 visse,
256 3625 363 3724 quod
373 3631 529 3698 mortuis
544 3629 633 3723 ipsis
650 3622 748 3716 lutus
761 3619 914 3696 lividum
927 3631 1130 3724 reperitur,

167 3906 211 3986 (1)
231 3913 266 3966 L.
280 3929 312 3980 α,
331 3929 354 3965 s.
372 3913 403 3978 t,
422 3907 486 3963 obs.
506 3905 588 3979 im
604 3919 621 3963 a
636 3918 667 3962 et
680 3905 707 3964 3.

173 4005 217 4084 (a)
236 4010 276 4066 N.
290 4008 319 4066 8.
