2958 4672
237 445 305 494 mn.
332 446 372 492 11.
401 444 447 491 na
472 433 608 492 nonnis
632 446 827 511 rennuere,
853 448 963 494 amsa.
991 449 1079 495 xxn.
1113 425 1182 522 139

179 559 374 646 carnibus,
393 557 484 630 dum
504 559 682 656 scalpello
702 562 761 630 via
777 557 885 632 fieret
907 548 953 632 ad
979 563 1180 654 interiora,
1247 567 1250 572 ’

160 673 163 678 ’
179 701 304 752 serum
315 677 526 749 distillabat.
541 683 583 747 In
598 681 728 748 ventre
744 703 899 776 quoque
909 705 1032 751 serum
1047 683 1183 753 in'ven-·

178 809 260 867 tum
272 810 327 866 est
344 794 590 894 pellucidum,
611 795 674 866 sed
694 796 782 868 lutei
804 777 958 885 coloris,
979 798 1082 894 quod
1104 801 1186 898 igni

179 913 415 1011 impositum,
433 938 528 1010 pene
548 928 670 984 totum
693 911 731 986 in
756 937 863 984 auras
879 915 990 1004 abiit,
1008 905 1200 1011 pellicula<

180 1031 373 1114 videlicet,
389 1055 432 1102 ac
449 1033 548 1102 striis
567 1028 793 1128 quibusdam
812 1034 985 1129 exceptis.
1005 1035 1186 1106 Intestina

183 1150 323 1250 pallida
356 1151 538 1238 omnino,
569 1166 607 1232 et
638 1176 722 1222 aere
746 1150 906 1248 turgida.
941 1155 1065 1248 Hepar
1095 1175 1185 1223 vero

182 1287 314 1344 atrurn.
342 1269 509 1343 Thorace
533 1273 700 1362 recluso,
723 1295 810 1344 cum
837 1271 932 1344 forte
955 1273 1188 1345 incideretur

171 1407 275 1490 'vena
295 1389 533 1477 mediastina‚
552 1392 630 1488 pari
652 1391 927 1489 propemodum
948 1378 1090 1490 inipetu
1103 1416 1188 1462 san-

183 1509 308 1607 guinis
323 1508 529 1592 exsiliebat,
546 1535 588 1580 ac
608 1512 643 1580 iu
667 1509 892 1596 viventibun
913 1529 1000 1582 cum
1017 1535 1110 1582 vena
1131 1533 1189 1582 se·

185 1643 309 1710 catur;
327 1623 397 1696 fuit
421 1641 547 1698 autem
563 1631 603 1697 in
626 1642 707 1698 toto
734 1628 809 1697 hoc
833 1627 1013 1698 cadavere
1041 1629 1191 1726 sanguis

184 1743 291 1820 valde
314 1741 473 1820 fluidus.
493 1759 529 1815 et
555 1746 661 1839 <puali
689 1742 825 1832 fusus,¹
839 1744 957 1832 nulla,
983 1769 1030 1816 ne
1051 1746 1192 1842 inipso

184 1862 339 1958 quidem
356 1863 491 1948 corde,
507 1877 713 1960 apparente
734 1863 913 1960 polyposa
936 1863 1192 1933 concretione.

183 1979 321 2050 Pulmo
336 1979 466 2050 dexter
488 2005 558 2078 per
575 1979 814 2050 membranas
832 1979 944 2050 exiles
966 2001 1127 2076 superne
1147 1977 1196 2048 ad

185 2106 311 2169 'costas
325 2097 570 2196 alligabatur:
594 2123 614 2168 a
631 2113 735 2195 tergo
756 2095 1006 2167 inflammatus
1030 2110 1117 2168 erat.
1140 2099 1197 2167 st·-

186 2215 298 2286 nistri
317 2231 440 2287 autem
463 2239 550 2314 pars
569 2219 744 2314 superior
763 2215 875 2303 dura,
895 2231 931 2287 et
952 2239 1031 2313 prae
1048 2213 1196 2284 iollam-

189 2337 355 2405 matione
371 2335 478 2431 quasi
494 2357 630 2406 xcarnaea
647 2327 843 2405 videbatur
857 2361 864 2403 :
879 2315 1035 2404 inferior
1045 2357 1136 2404 vero
1154 2333 1196 2402 in
1270 2378 1275 2388 -

186 2451 348 2524 frustula
380 2469 458 2524 erat
484 2453 626 2542 divisa,
656 2455 696 2522 in
722 2455 823 2524 sanie
846 2454 1084 2541 innatantia,
1114 2471 1196 2549 quar

185 2569 438 2647 substantiam
449 2569 633 2642 referebat
648 2574 754 2668 quasi
765 2570 1031 2667 gelcrunosam,
1050 2584 1086 2642 et
1103 2569 1198 2639 mul·

189 2703 228 2760 ta
243 2691 284 2758 in
301 2709 348 2760 eo
367 2713 456 2787 cavo
480 2692 631 2762 sinistro
647 2705 735 2761 erat.
755 2688 1011 2761 Pericardium
1030 2687 1198 2785 undique

193 2787 407 2879 adhaerebat
426 2809 532 2879 cordi
550 2825 651 2880 arcte
671 2809 786 2896 adeo,
807 2823 847 2878 ut
865 2831 985 2878 unum
1010 2829 1096 2887 cnm
1117 2807 1199 2903 ipso

196 2923 345 3004 efficere
361 2949 499 3024 corpus
516 2923 720 2998 videretur.
752 2925 899 2997 Alicu'bi
925 2937 1004 2997 erat
1020 2921 1201 3020 cartilagi-

186 3061 311 3114 neum
323 3099 333 3131 ,
347 3043 485 3115 alicubi
499 3060 572 3116 tam
583 3067 750 3116 crassum
762 3043 951 3114 redditum
962 3097 972 3131 ‚
982 3039 1205 3153 utsemipol-

188 3159 307 3232 “licem'
322 3178 486 3259 aequaret
502 3189 509 3232 :
528 3163 606 3232 haec
622 3178 745 3232 antem
763 3160 971 3233 crassitudo
994 3157 1204 3262 debebatur

197 3277 280 3374 ejus
302 3277 503 3352 filamentis
528 3280 772 3352 crassioribus
789 3278 969 3368 lactisset
998 3281 1104 3375 quasi
1128 3295 1207 3348 car-

189 3397 280 3467 neis
292 3451 301 3486 ‚
315 3423 357 3470 ao
369 3397 487 3470 ovalia
501 3399 670 3496 quaedam
688 3419 847 3496 corpora
868 3395 1207 3496 intercipientibu5‚

200 3515 283 3609 quae
299 3516 437 3604 incisa,
456 3535 580 3588 serum
598 3517 741 3588 luteum
755 3514 994 3602 emittebant,
1010 3533 1131 3611 eoque
1149 3535 1208 3584 ex·

200 3615 330 3728 pribso
347 3631 472 3706 foveas
491 3635 824 3732 parvarum—instar
842 3634 1052 3728 vesicarum
1073 3651 1209 3730 reprae-

203 3750 411 3832 sentabant
876 3747 881 3758 ’

257 3892 323 3960 lla
333 3865 431 3939 Illud
451 3872 604 3967 utrique
626 3869 716 3939 huic
734 3872 815 3959 viro
829 3893 1039 3942 commune
1059 3867 1152 3955 fuit,
1171 3882 1213 3936 nt

206 4008 290 4055 cum
315 3987 523 4084 palustrem
546 3987 793 4060 incoluissent
818 3987 1035 4085 regionem,
1054 3984 1213 4056 fluidum
