2984 4670
233 469 303 517 mn.
331 471 373 517 11.
400 471 447 520 na
473 469 968 535 noarrsraoaac1s‚rr1sr.
996 477 1093 520 xxiv.
1122 451 1194 523 305

193 583 262 682 qui
293 584 396 657 credi
425 585 560 673 velint,
594 584 698 655 hunc
728 599 860 655 notum
891 584 1003 659 fuisse
1032 590 1195 678 Galen0,

195 702 339 799 quippe
373 702 454 798 ejus
490 703 826 793 conformationem
857 727 907 773 ea:
935 705 1198 804 multiplicibus

190 817 376 918 pelliculis
395 818 623 890 describenti
634 819 674 890 in
687 816 807 918 gallo,
827 823 933 916 quasi
948 846 1037 894 vero
1054 823 1105 892 ibi
1123 822 1196 920 (1)

197 935 333 1009 diserte
351 961 430 1008 non
447 937 666 1034 loqueretur
682 936 729 1008 de
740 935 863 1007 cordis
878 943 1022 1024 tunica,
1039 941 1199 1012 slirrlro·

194 1079 236 1126 so
261 1071 406 1127 tumore
431 1057 587 1148 afficta,
601 1053 763 1154 perinde
785 1079 832 1128 uc
855 1061 889 1126 si
904 1055 1037 1154 plures
1062 1083 1198 1132 crussoe

199 1174 427 1244 membranae
441 1173 618 1246 involutae
635 1172 758 1245 ultera
780 1171 1071 1265 ulterifuisserrt.
1090 1167 1204 1250 Certe¹

199 1291 325 1364 minus
346 1291 609 1389 improbabilia
634 1291 823 1378 dicerent,
851 1295 880 1364 si
904 1316 991 1364 cum
1015 1295 1204 1392 Antipatri

200 1408 379 1482 morbum
399 1433 478 1482 esse
497 1410 704 1506 censuitla)
716 1409 763 1480 ab
777 1409 1038 1482 obstructione
1054 1411 1203 1495 laevium

200 1527 392 1628 pulmonis
411 1529 633 1598 arteriarum
647 1551 691 1598 ex
711 1533 844 1598 crassis
858 1543 898 1598 et
915 1534 1060 1600 rr‘scosis
1075 1529 1203 1600 lrumo-

200 1648 316 1732 ribus‚
344 1644 487 1741 aliquid
522 1644 652 1742 polypi
683 1643 802 1714 simile
832 1645 958 1714 animo
986 1649 1203 1743 concepisse
1282 1737 1286 1744 .

199 1759 441 1834 affirmarent.
462 1763 598 1830 Saltem
612 1783 694 1856 quae
713 1783 735 1828 a
749 1758 873 1830 cordis
888 1760 1030 1858 polypo
1046 1760 1128 1832 fieri
1148 1762 1207 1832 db

203 1894 361 1966 cuntur,
378 1877 425 1948 ab
445 1901 488 1948 ea
501 1901 615 1973 quam
634 1877 869 1972 conjecerat,
883 1901 993 1948 causa
1012 1878 1206 1977 repetebat

201 1994 366 2068 Galenus
389 2001 625 2091 omnigenum
642 1995 808 2092 primum
826 1999 864 2063 in
876 1995 996 2093 pulsu
1010 1995 1206 2092 iuoequuli-

203 2127 317 2184 tutem
327 2167 338 2200 ,
358 2113 494 2184 deinde
512 2138 602 2184 vero
623 2115 661 2182 in
680 2135 883 2209 progressu
900 2112 1023 2184 cordis
1035 2113 1207 2212 pulpitu-

203 2237 342 2302 tiouem
355 2247 392 2302 et
407 2231 580 2330 spirandi
593 2228 872 2327 difficultatem,
890 2229 1055 2332 denique
1068 2257 1205 2330 repen·

203 2351 326 2422 tinum
346 2351 510 2437 obitum,
525 2341 589 2420 aut
611 2363 711 2420 certe
726 2347 804 2420 haec
826 2346 914 2420 inde
935 2349 1129 2447 repetebat
1146 2355 1206 2422 Sa·

201 2468 275 2540 lius
290 2467 344 2563 (3)
356 2459 526 2539 eamdem
541 2467 797 2562 conjecturam
818 2481 985 2555 secutus,
1006 2469 1125 2564 nsque
1142 2465 1205 2539 ad-

202 2585 314 2658 debat
323 2585 492 2682 aliquam
501 2584 682 2682 hydropis
691 2589 860 2682 speciem,
868 2583 1203 2682 etlerpollryniiom.

203 2687 384 2778 Caeterum
405 2705 528 2802 quiin
550 2704 655 2774 venis
675 2679 834 2800 polypos
863 2726 940 2772 non
967 2704 1205 2798 conjectura,

204 2823 268 2896 sed
292 2822 412 2894 oculis
436 2819 685 2916 manibusque
715 2817 1024 2916 deprehenderit,
1041 2822 1205 2917 primm,

203 2955 389 3038 quantum
407 2939 454 3010 ad
480 2938 554 3009 hoc
570 2952 720 3035 tempus
745 2937 877 3033 legisse
900 2939 1075 3025 memini,
1093 2936 1205 3009 fnisse

202 3057 352 3130 videtur
377 3055 646 3130 celeberrimus
672 3079 738 3125 sua
771 3068 874 3124 aetate
900 3054 1088 3141 medicus,
1117 3054 1207 3126 civis

203 3200 329 3263 meus,
348 3174 534 3246 Helidaeus
548 3172 594 3243 de
611 3171 817 3257 Paduanis;
838 3185 878 3240 ut
896 3173 926 3241 si
942 3161 1137 3243 Schulzius
1151 3173 1207 3243 vi·

205 3308 334 3379 reret,
352 3307 465 3389 atque
489 3293 633 3363 utinam
657 3286 815 3362 viveret!
842 3313 922 3358 non
948 3288 1019 3358 sibi
1045 3289 1207 3386 amplius

202 3407 465 3512 poenitendum
491 3408 644 3480 credere
674 3405 830 3477 fortasse
859 3420 1004 3502 posset,
1031 3407 1136 3503 quod
1158 3432 1207 3478 eu

204 3528 319 3600 Italia
344 3531 531 3597 nonsatis
548 3529 652 3623 juste
671 3531 728 3596 rei
748 3526 861 3621 liujus
890 3529 997 3594 initia
1026 3523 1204 3618 deduxis-

718 3735 720 3742 ’
789 3745 851 3812 Ἃ

242 3829 286 3908 (1)
306 3826 521 3887 Delonalil.
540 3824 612 3893 5,c.
631 3842 660 3880 a.

241 3931 285 4009 (a)
306 3934 351 3987 De
361 3931 427 3987 iisd.
440 3931 461 3983 l.
474 3935 505 3998 4,
518 3946 544 3983 c.
559 3927 576 3982 8
590 3925 621 3980 in
633 3923 684 3980 lin.

241 4030 272 4108 (3
306 4033 351 4088 De
362 4030 460 4089 aflect-
473 4027 579 4106 partic.
594 4045 621 4084 c.
637 4043 685 4083 ar.

274 4031 286 4107 )

273 4131 307 4203 3.
