2816 4668
266 423 337 512 428
424 445 471 492 nr
498 442 644 492 saumas
668 443 713 490 rr
738 441 863 491 csusrs
887 439 1101 492 nonronuur

266 559 358 630 dum
381 559 567 630 continuo
585 581 630 630 ex
643 557 818 654 proximo
836 557 997 630 ministri
1008 559 1289 643 accurrerent,

267 699 434 772 quorum
455 697 545 746 mox
560 675 660 746 iuter
674 696 809 744 manus
824 670 970 746 defecit:

324 791 515 879 Cadaver,
543 805 746 888 antequam
767 789 1014 879 dissecarent,
1048 791 1289 892 inspiciens,
1394 799 1395 828 ²

266 910 418 984 nullum
435 909 597 1006 amplius
610 925 803 980 tumorem
819 909 1014 1007 conspexi,
1029 911 1178 1008 quippe
1198 910 1287 1009 qui,

269 1023 392 1102 effuso
419 1029 635 1126 sanguine,
669 1052 748 1126 quo
776 1041 989 1100 extrorsum
1014 1027 1287 1117 attollebatur,
1394 1111 1395 1124 χ

270 1143 502 1220 subsederat.
532 1148 686 1217 Pertusa
714 1144 768 1215 ibi
797 1159 876 1216 erat
903 1146 1017 1234 cutis,
1034 1161 1073 1216 et
1097 1169 1185 1242 quae
1213 1145 1290 1216 cuti

162 1264 167 1275 f
272 1262 435 1336 subsunt
465 1261 595 1360 amplo
631 1261 845 1351 foramine,
878 1263 976 1338 duos
1004 1263 1118 1334 simul
1150 1263 1291 1361 digitos

272 1379 504 1452 admittente.
541 1379 705 1478 Adiposa
724 1379 889 1454 thoracis
919 1380 1169 1469 membrana,
1194 1383 1292 1452 inter

273 1497 562 1586 dissecandum,
588 1523 726 1596 aquam
742 1498 957 1589 emittebat,
976 1524 1051 1595 qua
1068 1514 1105 1570 ct
1119 1501 1293 1572 vesicula
1394 1581 1395 1584 Ἴ

274 1615 446 1714 quadam
463 1613 678 1714 turgebant,
691 1615 756 1688 hic
767 1614 843 1687 illic
857 1643 903 1688 ex
911 1641 1056 1689 summa
1072 1631 1162 1689 cute
1176 1619 1219 1688 in
1232 1642 1293 1716 pe·
1394 1643 1395 1680 ὲ

167 1715 170 1725 ’
276 1732 387 1806 dibus
407 1747 445 1806 et
462 1732 636 1806 cruribus
647 1734 917 1831 prominentes.
940 1739 985 1804 In
1001 1733 1174 1807 thoracis
1184 1737 1294 1806 etiam

276 1867 443 1951 utroque
465 1875 556 1924 cavo
569 1877 667 1949 aqua
682 1867 763 1924 erat
775 1850 959 1951 plurima,
977 1877 1095 1951 eaque
1112 1851 1293 1925 subflava.

277 1975 458 2068 Magnum
471 1985 598 2042 autem
610 1985 689 2042 erat
703 1972 989 2069 aneurysma‚in
1000 1971 1106 2068 quod
1126 1973 1296 2044 anterior

277 2088 421 2187 paries,
444 2113 553 2160 arcus
578 2089 696 2188 ipsius
723 2103 836 2160 aortae
861 2114 898 2162 se
928 2088 1168 2186 expandens,
1198 2115 1296 2162 sum·

278 2230 445 2278 mumos
459 2206 596 2295 sterni,
615 2205 781 2304 huicque
800 2205 1002 2279 insidentia
1026 2205 1296 2281 clericulorum

281 2338 447 2396 extrema
458 2377 468 2411 ‚
481 2339 519 2395 et
529 2339 651 2395 costas
665 2325 856 2422 proximas
869 2325 1006 2422 partim
1023 2322 1297 2424 absumpserat,

281 2442 420 2538 partim
447 2440 602 2512 inducta
626 2443 724 2512 carie
745 2441 950 2514 vitiaverat.
970 2445 1053 2534 Qua
1070 2458 1200 2514 autem
1220 2468 1299 2515 ossa

282 2557 481 2656 absumpta
500 2556 675 2648 fuerant,
704 2574 770 2632 aut
797 2561 896 2631 carie
922 2555 1088 2649 inlecta,
1116 2560 1174 2632 ibi
1207 2561 1299 2634 nihil

284 2677 442 2750 omnino
472 2693 667 2776 supererat
700 2677 748 2749 de
783 2679 927 2751 arteriae
955 2679 1125 2750 tunicis:
1161 2679 1300 2778 quibus

285 2793 376 2868 alibi
393 2795 600 2868 substantia
614 2794 786 2894 undique
802 2797 904 2868 intus
923 2795 1142 2870 adhaerebat
1157 2822 1302 2883 crassa,
1394 2797 1395 2806 ’

259 2937 482 2986 -cxsuccam
511 2927 548 2984 et
567 2912 728 2984 luridam
752 2937 905 2984 carnem
934 2910 1125 3002 referens,
1151 2916 1304 3012 punctis
1394 2969 1395 2978 κ

286 3031 513 3132 quibusdam
528 3029 778 3102 albicantibus
801 3029 1039 3120 distinctam,
1059 3055 1178 3128 quam
1198 3031 1304 3104 facile

239 3155 249 3176 ’
287 3149 474 3222 divideres
492 3149 532 3218 in
551 3147 685 3245 plures
702 3149 809 3244 quasi
832 3147 1097 3236 membranas,
1116 3149 1210 3222 alias
1228 3151 1306 3222 aliis

287 3267 509 3362 impositas,
537 3279 673 3336 natura
704 3264 750 3336 ab
781 3265 825 3336 iis
858 3265 999 3363 quibus
1027 3265 1307 3348 adhaerebant,

288 3384 426 3454 tunicis
443 3405 600 3480 prorsus
617 3381 801 3471 diversas,
821 3383 964 3481 quippe
984 3383 1181 3455 evidenter
1199 3387 1307 3484 poly-

241 3569 246 3576 ,
289 3523 410 3598 posas.
425 3499 572 3592 Quibus
586 3503 760 3572 accurate
774 3501 983 3598 perspectis
994 3556 1004 3588 ,
1015 3500 1111 3571 nihil
1124 3518 1307 3598 praeterea

290 3618 458 3689 occurrit
478 3615 721 3688 adnotatione
741 3616 911 3714 dignum.

354 3732 577 3808 Miserabilis
610 3734 725 3831 hujus
753 3735 824 3804 viri
861 3735 984 3806 exitus
1018 3723 1111 3808 illud
1136 3738 1305 3834 primum

291 3853 419 3940 docet,
435 3867 671 3951 quantopere
682 3853 781 3926 inter
794 3853 899 3924 initia
914 3852 1126 3924 curandum
1141 3856 1190 3926 sit
1200 3857 1303 3926 omni

292 3969 1017 4069 artisauxiliO,neinternaaneurysmata
1025 3970 1301 4046 incrementum
