2800 4674
191 433 263 480 nm
288 435 330 482 ιι.
356 433 402 482 un
428 434 564 482 nonius
589 433 785 499 monacis,
811 435 922 484 arrsr.
950 437 1038 483 xxn.
1071 405 1143 486 1·ὂὸ

128 543 224 616 dem
244 547 442 644 pulmone,
458 546 709 644 deprehendit
723 547 863 619 Blasius
878 548 948 645 (1);
968 573 1138 621 nosvero

125 687 216 734 nou
237 665 335 737 illius
356 665 469 736 modo
487 665 627 736 arteriae
643 662 828 751 annum,
848 663 913 735 sed
928 680 964 736 et
981 665 1141 739 frustula

123 805 219 876 quae
231 783 330 852 intra
347 782 546 880 pulmones
557 780 784 876 annulorum
795 781 878 852 loca
886 781 995 878 plura
1008 808 1139 864 conve·

123 898 267 986 niunt,
289 924 333 969 ex
347 899 593 996 cartilagineis
613 896 706 970 facta
725 922 847 986 ossea,
864 913 906 994 ut
924 900 1140 996 scripsimus

120 1013 180 1084 ad
198 1029 235 1086 te
248 1014 410 1111 alias(2)‚
428 1014 624 1088 observata
635 1014 840 1088 habemus:
863 1013 1140 1088 bronchiorum

124 1145 261 1229 antem
291 1130 515 1230 fragmenta,
548 1132 672 1230 qualia
699 1157 719 1202 a
747 1147 927 1230 corrupto
955 1132 1140 1230 pulmone

124 1247 282 1336 avulsa,
300 1249 456 1344 insanie
473 1251 571 1321 intra
588 1249 767 1348 phthisici
786 1249 981 1320 thoracem
991 1263 1141 1346 reperta
1253 1309 1255 1314 .

125 1381 246 1452 sunt,
278 1367 363 1437 talia
388 1367 581 1439 hominem
607 1374 644 1438 in
670 1392 809 1464 magna
838 1369 1195 1464 quantitate-ex&

123 1505 261 1553 creare
279 1491 504 1558 consuevisse
522 1500 679 1558 testatur
690 1485 847 1556 Boutius
862 1483 925 1582 (3).
949 1485 1080 1580 Neque
1097 1482 1138 1554 id
1257 1513 1264 1530 ·

123 1598 320 1696 ignoravit
331 1603 576 1700 Hippocrates
590 1603 656 1700 (Δ),
674 1627 760 1674 cum
770 1607 871 1699 spuit
876 1627 966 1698 pus²
977 1597 1145 1697 scripsit,¹
1229 1700 1231 1702 Ι

125 1730 166 1785 et
184 1717 292 1787 velut
304 1718 435 1790 ulceris
452 1725 588 1802 ricinos
605 1717 787 1790 bronchia
805 1723 842 1788 in
852 1717 1037 1814 pulmone
1053 1737 1137 1786 car·

123 1833 332 1929 tilagc'nosa
348 1863 358 1904 .·
374 1861 457 1932 quae
472 1835 519 1906 ad
538 1834 653 1906 verba
664 1832 800 1904 videsis
812 1857 893 1930 quae
903 1833 942 1901 in
955 1856 1035 1902 rem
1050 1855 1137 1902 nos-

121 1962 228 2050 tram
249 1950 367 2022 Salius
386 1950 440 2046 (5)
458 1950 664 2048 adscripsit.
684 1949 786 2038 Quin
806 1951 969 2018 Aretaeus
988 1945 1042 2042 (6)
1058 1970 1136 2048 ser7

122 2091 286 2136 monem
311 2067 357 2138 de
374 2069 418 2140 iis
436 2066 580 2139 habeus
601 2067 666 2163 qui
689 2064 880 2164 pulmonis
903 2062 1136 2135 abscessibus

123 2183 323 2282 laborant,
343 2185 389 2256 ad
404 2186 643 2284 propositum
662 2209 682 2254 a
699 2170 810 2254 riobis
830 2207 955 2256 casum
972 2171 1031 2252 rel
1044 2204 1134 2278 pro-

124 2300 217 2396 pius
237 2303 400 2374 accessit.
425 2308 650 2374 Raucescere
670 2302 788 2388 enim,
813 2315 850 2372 et
868 2302 973 2370 breve
988 2303 1134 2395 spirare

123 2415 239 2506 dixit,
261 2433 297 2490 et
317 2419 524 2517 aliquando
548 2441 680 2491 eorum
703 2424 914 2516 quempiam
934 2416 1132 2486 subitanea

124 2559 175 2606 ac
201 2537 310 2606 multi
333 2536 479 2609 humidi
503 2517 728 2607 attractibus
757 2533 1004 2630 strangulari,
1028 2532 1134 2630 quod

123 2658 271 2722 arteria
289 2657 400 2753 puris
416 2653 652 2726 multitudine
681 2655 886 2742 obstructa,
905 2671 1030 2721 aerem
1053 2673 1131 2719 non

124 2775 303 2868 recipiat:
318 2769 365 2842 ab
377 2770 509 2843 iisdem
520 2785 643 2841 autem
659 2768 859 2855 bronchia,
876 2767 976 2838 idest
984 2791 1129 2865 asperoe

124 2894 279 2960 arteriae
305 2888 461 2959 circulos
487 2912 755 2988 nonnunquam
782 2891 899 2984 expui
924 2885 972 2954 ob
999 2882 1131 2953 ulceris

124 3012 369 3093 varietatem,
386 3013 420 3076 si
430 3007 506 3078 alte
518 3007 708 3077 abscessus
718 3017 917 3105 penetrat:
931 2999 1130 3098 quandoet
1180 3077 1181 3080 Ἴ

113 3125 338 3219 fragmenta
346 3130 494 3204 visceris
505 3122 752 3221 expelluntur.
768 3126 951 3192 Caeterum
962 3115 1024 3185 hic
1036 3140 1128 3212 quo-

227 3859 390 3915 Comment.
403 3856 436 3912 in
449 3853 543 3927 ejusd.
556 3855 576 3910 l.
590 3863 611 3908 t.
627 3871 693 3926 119.

226 3959 270 4014 De
289 3973 368 4012 caus.
384 3973 413 4011 et
424 3963 488 4011 not.
502 3953 635 4030 diuturn.
650 3951 747 4010 allent.
765 3948 785 4004 l.
802 3965 835 4018 1,
849 3963 875 4002 c.
891 3959 937 4000 ιο.
977 4017 979 4024 Α
