2824 4668
129 471 200 524 na.
229 473 269 522 ιι.
297 473 344 520 oe
369 456 505 521 uouere
530 471 729 538 rnoatcrs,
755 474 866 522 uersu.
890 475 989 522 xxrv.
1018 449 1087 522 313

86 613 126 661 se
143 602 330 660 moventes
343 600 602 685 reptantesque
610 587 833 658 vermiculos
845 587 893 660 ab
910 613 948 660 se
959 587 1090 688 depre-

85 703 225 776 hensos
244 702 424 791 affirmat,
444 718 480 774 et
497 701 764 774 rubt'cundulos
782 705 957 802 quidem,
975 719 1089 801 atque

86 837 130 892 ut
148 823 236 893 satis
255 821 427 918 exemplo
447 818 860 914 inclicatl1)‚-orassitr'e
878 836 914 891 et
931 821 1091 916 longitu-

87 936 175 1010 dine
193 936 379 1020 attentam
398 951 609 1034 aequantes,
629 959 769 1033 eosque
797 936 837 1007 in
859 937 1025 1008 thalamo
1046 937 1092 1008 si·

86 1056 206 1127 nistre
221 1054 348 1128 cordis
364 1053 610 1152 virgunculae,
625 1054 732 1149 cujus
745 1052 942 1126 bimestres
956 1054 1093 1126 erucia-

88 1167 169 1260 tus',
187 1174 428 1270 rosionisque
446 1196 597 1244 sensum
611 1173 710 1243 circa
726 1171 932 1269 praecordia
953 1171 1093 1244 descri-

88 1289 161 1377 bit,
175 1315 263 1362 cum
285 1305 472 1386 tremore,
490 1305 526 1361 et
541 1288 785 1388 palpitatione
803 1289 947 1375 cordis,
965 1289 1094 1387 pulsus

91 1407 389 1495 intermissione,
415 1405 692 1479 defectionibus
712 1409 843 1493 animi,
873 1407 1011 1479 sudore
1032 1404 1095 1476 fri-

91 1524 201 1624 gide,
222 1541 260 1598 et
279 1525 503 1598 convulsivis
521 1525 686 1597 motibus
705 1526 940 1621 conjunctos.
957 1529 1097 1622 Optan-

92 1641 181 1714 dum
196 1644 352 1742 quidem
367 1642 505 1727 fuerat,
522 1657 563 1712 ut
578 1643 803 1739 priusquam
821 1659 953 1712 eorum
963 1643 1098 1712 vermi-

93 1761 268 1832 culorum
300 1761 430 1832 nidum
460 1763 508 1830 in·
524 1757 638 1830 corde
669 1756 781 1829 luisse
809 1759 1101 1855 pronunciaret,

90 1878 234 1950 viscere
261 1878 311 1949 ob
338 1901 422 1949 suas
446 1875 605 1948 alternas
626 1875 931 1962 commotiones,
962 1897 1100 1970 casque

90 2020 179 2067 cum
194 1997 408 2081 irritantur,
423 1993 745 2078 vehementiores,
762 1992 887 2063 minin
902 1989 1041 2062 idoneo
1052 1991 1110 2060 ad-

80 2113 389 2184 ·vermiculorum
402 2109 716 2197 nidificationem‚
729 2134 952 2206 moramque
967 2108 1116 2181 bimes·-

92 2245 215 2317 trem3
234 2228 466 2328 optandum,
483 2225 806 2325 iuquam,fuerat,
826 2241 869 2298 ut
887 2226 1099 2300 substantiae
1153 2234 1155 2242 '

95 2345 223 2418 cordis
232 2348 423 2420 erosiones
442 2361 478 2418 et
499 2345 757 2417 indurationes
770 2345 851 2416 illas
863 2345 1101 2442 quaesivisset,

96 2487 119 2532 a
131 2463 243 2537 uobis
257 2465 298 2534 in
316 2461 502 2560 ejusmodi
517 2463 615 2533 nidis
634 2451 928 2550 animadversas,
943 2487 992 2534 ne
1006 2459 1101 2534 forte

93 2581 133 2649 in
151 2582 290 2654 tunicis
316 2582 411 2653 vasis
432 2580 587 2676 alicujus
607 2576 765 2652 luissent
790 2605 868 2650 non
892 2580 1099 2677 plurimum
1177 2561 1179 2568 ¹

98 2696 237 2787 dissiti,
253 2713 296 2770 ut
312 2695 418 2770 facile
435 2721 501 2770 cor
520 2712 646 2795 posset
663 2699 701 2766 in
717 2721 944 2769 consensum
957 2696 1056 2768 trahi
1067 2713 1103 2768 et

99 2838 121 2885 a
139 2797 353 2888 vermiculis
370 2831 460 2886 tuuc
483 2814 636 2885 demum
655 2813 772 2902 adiri,
789 2794 878 2884 eum
901 2816 942 2884 in
962 2829 1104 2901 morte,

102 2948 163 3004 aut
178 2959 267 3004 mox
285 2948 370 3031 post
388 2947 550 3004 mortem
567 2957 723 3030 quoquo
736 2957 866 3004 versus
883 2956 903 3002 e
924 2931 1022 3003 nidis
1039 2919 1105 3003 au-

103 3045 251 3148 fugiunt
266 3073 428 3138 vermes,
444 3048 765 3147 quemadmodum
779 3073 800 3118 a
814 3047 1038 3119 Vallisnerio
1052 3048 1105 3146 (a)

102 3167 322 3242 adnotatum
342 3183 406 3240 est.
418 3167 531 3260 Quod
545 3168 583 3237 in
595 3165 751 3239 canibus
762 3190 936 3262 quoque,
950 3165 1106 3264 aliisque

101 3285 326 3358 animalibus
356 3301 447 3357 tuno
480 3283 644 3356 arbitror
676 3281 872 3370 accidisse,
909 3283 1107 3381 multoque

104 3405 219 3502 magis
241 3402 309 3475 ubi
333 3401 477 3474 nonde
501 3401 737 3490 vermiculis,
762 3400 826 3473 sed
851 3400 898 3474 de
923 3401 1106 3474 teretibus

106 3520 226 3616 agitur
262 3520 549 3608 intestinorum,
581 3519 858 3616 ventriculique
888 3516 1109 3605 lumbricis,

106 3655 232 3709 revera
245 3634 449 3735 aliquando
469 3639 566 3708 intra
583 3635 836 3736 pericardium
853 3637 1021 3734 repertis.
1044 3637 1111 3706 Ne·

146 3920 191 3999 (1)
206 3923 280 3980 vid.
298 3921 429 4000 earumd.
448 3921 512 3978 dec.
532 3939 564 3990 a,
581 3923 618 3978 Α.
636 3921 670 3991 6,
688 3922 719 3978 iu
733 3920 877 3996 append,
894 3936 970 3986 n.1,
984 3916 1049 3974 obs.
1066 3919 1111 3973 13.

146 4019 190 4099 [2]
209 4024 294 4100 Risp.
304 4025 362 4083 alla
373 4025 490 4082 Lettera
500 4021 669 4100 diMonaig.
679 4019 811 4080 d’Adria.
