2824 4668
154 467 223 514 mu.
249 467 292 514 ιι.
319 465 367 514 nr,
391 465 528 516 storum
553 467 751 535 rnonncrs,
777 469 889 520 nrrsr.
911 473 1007 520 xxiv.
1036 447 1106 540 345

107 579 213 652 tione
228 578 387 678 opinor,
404 580 529 652 dicere
543 596 691 680 poterat
713 607 799 655 cum
816 583 964 658 fibrillis
979 588 1107 660 valvu·
1165 675 1168 682 Ι

108 695 230 770 larum
241 751 250 787 ,
261 697 415 796 quando
428 698 706 790 animadverto,
722 702 886 776 attulisse
896 704 1003 802 (1)ex
1014 707 1108 776 Moi-

107 814 288 887 nichenio
316 814 529 914 exemplum
556 817 787 915 polyporum
811 823 878 917 qui
903 821 1109 894 tendinibus

85 931 311 1012 'mitra-lium
328 931 566 1006 calculorum
590 933 895 1032 implicabantur,
923 941 1021 1012 inter
1047 962 1109 1012 eas

107 1049 262 1150 quidem
284 1050 563 1136 observationes
587 1077 685 1148 quae,
713 1077 800 1126 cum
828 1056 867 1125 in
895 1056 1107 1130 viventibus

106 1169 257 1242 nullum
270 1165 387 1242 luerit
405 1169 535 1269 polypi
555 1170 757 1260 indicium,
775 1171 821 1243 ad
839 1172 1000 1271 polypos
1021 1175 1106 1245 atti-

104 1301 200 1360 nent
219 1288 285 1384 qui
302 1303 389 1387 post
408 1288 552 1360 obitum
574 1287 751 1388 producti
777 1304 874 1362 sunt.
899 1285 998 1361 Num
1016 1314 1106 1364 vero

102 1404 345 1478 illossaltem
375 1431 454 1477 nou
478 1407 551 1478 nisi
580 1407 696 1505 longo
721 1408 902 1505 varioque
933 1424 1104 1506 tempore
1205 1471 1209 1476 .

103 1536 320 1619 compactos
336 1523 496 1622 polypos
523 1520 635 1596 fuisse
665 1523 877 1613 credemus,
899 1526 964 1622 qui
979 1527 1052 1596 sint
1065 1523 1105 1596 fi-

104 1637 230 1730 hrosi,
252 1641 319 1737 qui
341 1639 589 1728 membrana,
608 1639 795 1728 tendinis,
811 1642 938 1729 nervi,
958 1643 1034 1713 sive
1048 1665 1103 1715 as·

104 1759 241 1856 picias,
256 1758 331 1829 sive
350 1756 526 1828 manibus
548 1755 639 1826 hinc
660 1770 697 1826 et
720 1755 810 1828 hinc
827 1756 971 1844 trahas,
997 1773 1106 1829 natu·

103 1899 187 1946 ram
207 1875 496 1972 quandantenus
507 1873 749 1962 aemulentur,
768 1875 835 1971 qui
854 1889 966 1946 strata
979 1889 1104 1947 osten·

103 1990 197 2062 dant
212 1991 283 2062 alia
301 1989 382 2062 aliis
397 1990 590 2087 imposita,
609 2003 673 2060 aut
689 1991 755 2088 qui
771 1987 934 2088 denique
952 1988 1103 2062 tubulo-

102 2133 190 2180 rum
209 2109 327 2179 instar
351 2108 425 2179 siut
442 2107 550 2178 cavi?
569 2105 815 2178 Crederemus
837 2104 1011 2194 fortasse,
1031 2107 1104 2180 nisi

98 2228 207 2296 Pasta
218 2225 272 2322 (2)
286 2225 564 2299 observationes
581 2223 815 2323 protulisset,
828 2221 930 2296 unde
942 2223 1006 2294 illa
1020 2248 1100 2296 om·

102 2343 222 2424 niain
247 2358 370 2416 crusta
389 2365 541 2440 quoque
565 2342 688 2413 emissi
711 2341 902 2440 sanguinis
929 2341 1102 2413 luculen-

103 2477 164 2534 ter
182 2478 382 2561 conspecta
399 2487 477 2536 esse
501 2477 712 2535 constaret:
733 2460 838 2559 quod
854 2486 944 2534 vero
968 2461 1014 2534 ad
1027 2511 1029 2516 -
1040 2487 1102 2535 ca·

100 2581 318 2653 vos-attinet
335 2581 514 2679 polypos,
534 2578 702 2678 quaedam
714 2579 1100 2677 animadvertissent),

77 2766 80 2776 ,
101 2722 146 2769 ex
163 2697 302 2795 quibus
317 2698 503 2795 conjicere
517 2695 684 2796 proclive
695 2695 757 2785 sit,
768 2711 930 2769 crustam
946 2699 1101 2769 circum-

102 2815 202 2886 circa
215 2831 261 2887 ex
277 2817 492 2910 quiescente
510 2814 709 2913 sanguine,
720 2828 806 2912 post
818 2829 979 2888 mortem
995 2814 1098 2886 vide·
1127 2829 1130 2838 ’

101 2932 208 3021 licet,
226 2934 325 3004 intra
345 2957 409 3006 vas
427 2932 580 3030 aliquod
600 2933 814 3020 emersisse,
835 2930 1097 3019 circumcirca,

98 3050 277 3146 inquam3
298 3050 336 3123 id
367 3039 471 3149 quod
499 3048 642 3122 facilius
662 3035 866 3146 intelliges,
893 3049 923 3119 si
942 3046 1100 3118 cadaver

99 3167 264 3240 necdum
275 3170 399 3241 calore
407 3171 509 3241 intus
523 3168 757 3255 destitutum,
769 3167 808 3235 in
821 3165 1032 3262 oppositam
1046 3161 1099 3235 la-

101 3286 214 3375 ciem,
233 3301 297 3358 aut
317 3287 433 3373 latus,
458 3288 532 3359 sive
556 3284 722 3372 lavandi,
740 3284 816 3354 sive
834 3281 904 3354 alia
921 3280 968 3354 de
987 3305 1104 3354 causar

99 3427 326 3476 conversum
342 3392 636 3493 luisse,mecum
651 3401 844 3500 posueris;
861 3398 1097 3472 deindevero

98 3519 198 3592 inter
227 3521 490 3596 dissectionem
522 3536 587 3593 aut
616 3520 800 3592 viscerum
829 3521 1096 3592 extructionem
