2850 4668
189 505 258 555 m.
285 503 326 555 n.
354 505 401 554 DE
429 505 566 554 Monate
590 505 787 571 ΤΗΟΕΑΟῙΞ),
813 453 934 556 nrtsr:
952 507 1026 558 xxi.
1097 509 1122 584 9

115 622 318 722 particulas
337 621 527 720 sanguinis
543 643 681 720 pronas
698 624 741 692 ail
760 624 1022 708 restitandum,
1040 639 1123 696 tum

116 741 228 813 etiam
247 740 335 838 quia
352 739 493 812 delirus
515 765 625 839 sape,
650 739 867 840 diutiusque
889 741 1123 814 obliviscitur

116 859 290 958 spiritum
306 858 460 946 ducere,
476 871 599 956 e'oqne
611 861 829 956 sangninem
848 885 914 956 per
925 862 1124 958 pulmones

114 999 341 1074 promovere
365 1003 373 1046 ε
395 978 756 1075 peripneumonlcus
771 992 912 1062 antem,
935 995 973 1049 ut
1000 980 1124 1049 minus

115 1091 281 1166 liberum
300 1093 413 1166 habet
431 1096 622 1193 sanguinis
641 1120 793 1166 cursum
817 1121 884 1194 por
904 1097 1125 1194 pulmoncS,

114 1211 168 1285 sic
191 1211 307 1308 hujus
328 1213 502 1310 expedito
526 1238 546 1283 a
574 1213 743 1311 partibus
763 1215 946 1312 regressui
975 1215 1125 1285 obicem

114 1326 232 1402 habet
244 1330 320 1425 jam
338 1345 527 1428 paratum;
543 1331 661 1418 addo,
680 1357 699 1402 a
718 1328 977 1430 superioribus
995 1333 1124 1430 praeci-

113 1471 207 1546 pue,
222 1439 309 1519 cum
326 1450 499 1547 superior
514 1473 608 1520 vena
623 1473 710 1520 cava
726 1475 746 1520 a
761 1450 924 1522 distento
944 1449 1124 1548 pulmone
1163 1449 1168 1460 '

112 1559 320 1676 premitur,
346 1566 448 1638 velnt
474 1568 511 1637 in
546 1569 742 1668 proposito
772 1583 967 1640 structore.
993 1572 1125 1664 Itaque

114 1685 248 1783 saepius
273 1684 434 1773 rubere,
462 1710 504 1756 ac
526 1700 676 1784 turgere
695 1701 820 1784 partes
846 1687 1059 1784 superiores
1086 1685 1127 1754 in

114 1799 191 1873 hoc
203 1794 340 1874 morbo
357 1803 520 1874 exterius
532 1803 704 1876 videmus
717 1859 727 1891 ,
740 1822 781 1875 ut
792 1806 958 1901 proclive
974 1805 1021 1875 sit
1033 1801 1127 1900 quid

115 1917 363 1991 interioribus
372 1945 527 2016 quoqne
542 1921 684 1992 accidat
694 1974 704 2008 ,
716 1937 780 1991 aut
798 1935 898 1991 certe
918 1919 1126 2007 immineat,
1141 1933 1146 1948 ⁸

114 2036 338 2132 intelligere.
363 2039 449 2126 Quo
473 2037 596 2106 minus
619 2039 773 2108 miratus
801 2061 884 2108 sum
909 2061 997 2107 cum
1018 2036 1127 2126 alias,

114 2167 201 2223 tum
219 2152 377 2223 maxime
395 2177 496 2223 anno
520 2153 628 2250 1730,
645 2178 731 2225 cnm
755 2156 791 2224 in
808 2153 963 2252 publico
983 2152 1128 2224 cerebri

115 2285 320 2342 anatomen
342 2269 539 2356 docerem,
559 2271 605 2342 tle
625 2272 799 2370 pluribus
816 2297 899 2370 qnae
920 2265 1049 2369 aperta
1066 2270 1128 2342 ha·

115 2389 274 2480 bebam,
290 2392 473 2490 capitibus
488 2417 534 2463 ne
550 2417 667 2464 unum
684 2391 839 2489 quidem
856 2391 983 2480 luisse,
996 2393 1034 2464 in
1049 2417 1127 2490 quo

119 2509 266 2582 cerebri
278 2534 359 2582 vasa
373 2509 531 2584 distenta
544 2513 725 2610 sangnine
737 2537 814 2582 non
827 2526 968 2598 essent;
984 2511 1128 2610 quippe

118 2650 206 2699 casu
225 2625 361 2698 factum
379 2643 477 2716 erat,
497 2643 536 2700 nt
551 2630 678 2699 omnia
696 2645 844 2726 sumpta
857 2643 980 2700 essent
997 2653 1042 2698 ex
1058 2627 1128 2698 ho·

119 2744 288 2817 minibus
303 2771 400 2842 qnos
412 2762 502 2818 tnnc
517 2773 655 2844 vagans
670 2747 909 2824 interemerat
925 2746 1128 2844 peripneu-

118 2864 271 2933 monia:
290 2889 360 2934 noc
375 2861 493 2935 deluit
510 2863 562 2934 ibi
580 2865 618 2935 in
639 2864 795 2962 singulis
810 2860 927 2936 effusa
943 2887 1059 2961 aqua,
1080 2865 1130 2936 si-

121 2981 196 3051 cuti
216 2981 256 3049 in
273 2980 427 3077 thorace
445 3007 600 3079 qnoque
614 2983 1042 3080 peripneumonicorum
1065 3005 1130 3050 sae-

121 3121 332 3193 penumero
360 3095 515 3170 effusam
534 3099 715 3172 videmus.
745 3099 817 3171 Sed
841 3099 888 3168 de
912 3098 971 3170 his
990 3097 1130 3196 episto-

122 3212 194 3286 lam
213 3215 357 3316 releges
371 3219 459 3304 Vll;
478 3216 569 3287 nolo
590 3219 691 3288 enim
715 3217 777 3286 hic
797 3230 968 3313 repetere
989 3241 1072 3312 quae
1091 3217 1130 3286 in
1229 3283 1235 3304 ,

123 3329 182 3424 illa
200 3331 271 3404 sub
289 3357 392 3403 num.
412 3335 616 3431 praesertim
641 3361 679 3406 11
706 3350 743 3407 et
762 3361 821 3420 ir,
840 3333 917 3405 huc
936 3334 1132 3406 attinentia

124 3449 319 3547 proposita
335 3464 434 3522 sunt.

172 3566 204 3637 8.
226 3571 344 3640 Causa
358 3567 469 3638 etiam
488 3584 542 3640 est
561 3569 696 3656 altera,
721 3593 790 3639 cur
806 3569 894 3667 regri
914 3566 960 3638 ab
985 3567 1132 3638 inssam-

126 3697 224 3757 mato
241 3684 422 3780 pulmone
442 3685 584 3757 nullam
602 3685 807 3782 aliquando
826 3685 1033 3756 molestiam
1049 3709 1133 3782 per·

127 3797 281 3895 cipiunt,
303 3825 433 3873 sensus
447 3801 641 3874 hebetudo
658 3804 733 3896 siye
748 3802 798 3872 ob
815 3799 976 3883 cerebri,
991 3801 1066 3870 sive
1081 3800 1131 3872 ob

127 3938 347 4006 nervorum,
366 3919 442 3990 sive
455 3919 504 3990 oh
516 3919 709 4017 pulmonis
717 3975 727 4006 ,
737 3911 811 3990 'aut
830 3920 966 4017 plenrae
979 3940 1132 3988 annexae

128 4029 320 4110 laxitatem.
345 4041 390 4108 Et
423 4034 473 4108 ob
500 4035 699 4110 cerebrum
726 4036 902 4134 quidem,
922 4055 1134 4143 nervosque
