2816 4668
300 429 372 514 [μά
465 447 511 494 nr
537 445 683 494 armeus
707 447 752 494 rr
777 446 902 496 causis
927 447 1138 498 moerorum

299 573 427 634 xerat:
445 576 482 632 ct
503 565 668 634 Bonetus
695 560 836 659 pariter
858 561 964 658 quod
994 562 1043 634 ad
1068 563 1311 638 archidiaca-

300 704 394 750 num
414 677 521 750 illum
541 693 703 776 spectat,
720 677 767 750 ad
787 681 873 750 VIII
891 703 974 776 quae
995 679 1202 753 decadem
1231 684 1333 780 pal-'

300 798 484 896 pitatione
513 809 586 884 est,
612 793 819 868 sectionem
839 787 967 869 retulit
983 799 1010 891 S
1029 827 1050 870 ι
1074 799 1312 872 observatio-

302 916 362 986 nis
381 918 486 1001 VIII;
512 914 581 986 etsi
601 914 729 986 nescio
749 935 815 986 cur
826 919 1019 988 Forestum
1038 919 1188 1014 potius,
1204 921 1312 1016 quasi

302 1047 495 1113 auctorem
514 1030 740 1112 laudaverit,
771 1057 883 1129 quam
905 1034 1138 1123 Eudemum,
1168 1061 1216 1106 ex
1237 1061 1313 1132 quo

302 1149 525 1222 nominatim
540 1149 578 1220 id
589 1153 615 1218 F
617 1163 774 1235 orestus,
787 1165 824 1220 et
839 1151 946 1248 plura
958 1152 1029 1222 alia
1042 1177 1127 1250 quae
1142 1177 1311 1250 sequun-

304 1283 388 1353 tur,
413 1266 618 1364 descripsit.
647 1271 831 1338 Caeterum
855 1268 961 1365 quod
987 1271 1027 1340 in
1051 1269 1226 1366 ejusdem
1248 1271 1312 1343 ob-

305 1385 596 1477 servationis§1
627 1384 675 1458 de
707 1387 832 1458 cordis
859 1386 985 1460 ulcere
1018 1387 1058 1458 iu
1089 1389 1237 1482 femina
1267 1391 1312 1462 ita

305 1504 581 1599 scriptumest,
605 1518 648 1574 ut
675 1501 722 1574 de
743 1503 813 1574 hac
833 1502 927 1576 illud
950 1519 1097 1576 tantum
1129 1508 1312 1594 sciamus,

305 1619 409 1718 quod
426 1618 477 1690 ob
497 1617 660 1692 scabiem
674 1619 722 1692 ad
736 1619 902 1692 thermas
915 1622 1154 1710 missa,.inde
1170 1621 1311 1721 hydro-

304 1742 389 1838 pica
421 1737 590 1822 redierit,
619 1761 699 1810 nou
728 1737 792 1808 hic
817 1741 934 1837 magis
957 1740 1052 1812 utile
1089 1755 1147 1812 est
1179 1741 1311 1828 nobis,

306 1882 420 1956 quam
442 1855 544 1953 quod
567 1855 614 1926 de
634 1855 748 1928 surde
766 1881 876 1928 eroso
894 1858 936 1926 in
954 1856 1122 1954 quodam
1153 1857 1209 1929 ub
1233 1859 1310 1930 diu-

305 1991 462 2052 turnum
481 1999 592 2048 usum
614 1973 847 2046 acidularum
862 1975 1164 2060 ritriolatarum‚
1184 1976 1312 2048 obser-

307 2094 456 2164 vatione
476 2095 617 2190 pariter
638 2097 738 2165 VIII·
749 2092 908 2189 legimus
928 2109 1014 2164 sect.
1031 2097 1103 2162 XII
1133 2093 1229 2165 libri
1255 2098 1311 2166 lv.

308 2211 380 2284 Sed
399 2226 554 2299 contra,
573 2209 752 2308 perutiles
776 2219 866 2282 sunt
882 2235 964 2308 quae
985 2211 1151 2282 sectione
1184 2213 1312 2284 eadem

309 2328 486 2425 leguntur
495 2329 595 2398 inter
607 2327 827 2425 posthumae
843 2328 1125 2400 observationes
1138 2333 1195 2400 Io.
1213 2335 1310 2428 Bapt

230 2527 234 2536 ,
307 2447 488 2532 Famem,
504 2449 588 2517 xtvt
616 2461 653 2516 et
674 2449 836 2518 XXVIII.
864 2449 997 2544 Neque
1023 2447 1124 2516 cuim
1152 2463 1246 2520 sunt
1269 2448 1313 2518 ita

306 2565 443 2660 jejunae
457 2590 467 2651 3
481 2563 544 2636 sed
562 2588 645 2660 quae
660 2583 781 2660 aegrus
795 2563 892 2634 male
916 2563 1150 2651 habuerant,
1178 2564 1314 2637 diserte

309 2698 490 2778 utraque,
511 2697 548 2754 et
564 2682 930 2780 pracsertimprima,
944 2705 1020 2752 uus
1038 2680 1191 2753 ducent.
1219 2687 1311 2754 eum

309 2801 425 2898 igitur
438 2823 504 2870 cor
520 2799 628 2870 elteri
640 2814 736 2870 esset
748 2791 1179 2896 exteriurpmulentum,
1193 2801 1235 2870 id
1253 2814 1314 2893 est²

310 2935 353 2990 ut
377 2918 421 2988 cl.
443 2919 599 2990 Fautoui
631 2914 730 2988 filius
763 2933 892 3013 postea
909 2915 1052 3003 edidit,
1077 2933 1315 3016 corruptum,
1404 3013 1405 3016 Ἴ

309 3038 417 3110 alteri
447 3037 618 3107 abscessu
644 3036 683 3105 iu
713 3059 759 3106 eo
775 3014 867 3130 jam
887 3034 1054 3134 disrupto
1088 3034 1317 3123 alteratum
1404 3019 1405 3030 ἵ

310 3156 351 3240 iu
374 3169 510 3227 neutro
536 3168 678 3224 tamen·
691 3149 868 3224 defecisse
898 3153 1046 3241 animus
1070 3150 1239 3242 dicitur,'
1258 3167 1317 3225 eut

311 3271 443 3368 pulsus
458 3271 709 3342 intermisisse.
1295 3275 1299 3286 ’

363 3389 420 3460 23.
435 3391 559 3484 Atque
575 3389 631 3460 hae
640 3403 734 3459 *suut
747 3371 1216 3463 ohservationesutce'rum
1230 3441 1241 3474 ‚
1256 3401 1317 3459 aut

312 3504 506 3578 abscessus
522 3507 562 3577 in
580 3506 694 3576 corde
710 3507 846 3603 apertu
862 3508 902 3576 in
915 3529 1009 3602 quas
1026 3505 1118 3575 mihi
1134 3504 1317 3577 hacteuus
1404 3595 1405 3608 ἵ

313 3625 476 3722 contigit
485 3677 502 3710 ,,
511 3640 572 3713 ut,
592 3623 881 3720 Sepulchretum
896 3647 1066 3709 versans,
1089 3622 1315 3710 inciderem,

312 3744 372 3816 vei
385 3744 511 3840 potius
526 3766 619 3840 quas
633 3743 679 3812 iu·
688 3759 734 3812 ed
746 3740 991 3814 aliisvelibris
1001 3739 1314 3837 meminilegisse3

313 3885 438 3956 neque
459 3859 557 3930 enim
577 3883 709 3930 omues
723 3857 858 3929 vidisse
874 3873 1059 3956 nte-puto,
1077 3871 1142 3927 aut
1160 3881 1255 3954 quas
1263 3857 1313 3925 vi-

238 4047 243 4060 ,
301 3977 431 4086 ’ἀετίηι
448 3977 673 4050 meminisse.
688 3981 732 4048 Et
745 4001 833 4052 sane
843 3975 924 4050 haee
939 3976 1120 4075 relegenti
1130 3974 1313 4050 succurrit
