2800 4674
238 477 244 481 ’
285 467 333 554 84
454 485 500 532 m.
528 481 675 532 snmnns
699 481 743 528 m
769 479 893 529 censis
918 477 1126 528 nonnonnu

274 613 391 699 parte
398 595 557 698 putrido
575 593 754 694 repletos,
772 592 955 690 turgidos,
975 610 1090 692 atque
1106 599 1242 666 mirum
1255 603 1295 667 in

280 717 434 789 modum
455 714 673 787 induratos:
695 711 738 782 id
746 716 874 808 spatii,
890 711 994 807 quod
1003 711 1206 810 pulmones
1216 738 1294 783 non

280 834 469 933 repleant,
505 855 609 934 aqua
642 829 777 900 lotura
796 833 986 924 sanguinis
1012 854 1088 899 non
1123 829 1299 900 dissimili

275 950 543 1051 plenumfuit:
561 952 688 1045 capita
706 951 819 1015 etiam
837 969 976 1040 magna
990 969 1104 1044 aquae
1126 944 1296 1044 limpidae

280 1073 392 1166 copia
417 1067 556 1157 referta
572 1078 688 1134 erant.
708 1060 843 1150 Vides,
875 1086 960 1132 cum
987 1063 1057 1132 alia
1083 1079 1294 1152 memoret,

277 1184 450 1283 pleuram
466 1205 545 1251 non
566 1203 785 1252 memorare.
803 1177 876 1250 Sed
888 1194 931 1250 tu
944 1179 1106 1250 vicissim
1126 1178 1296 1275 objicere

279 1299 376 1372 mihi
394 1297 653 1395 Vesalium(1)
668 1311 795 1395 potes,
822 1297 963 1394 pariter
977 1297 1017 1366 in
1043 1297 1295 1394 Sepulchreto

277 1417 590 1519 praetermissum,
609 1415 776 1512 quicum
794 1413 840 1486 de
860 1409 1008 1486 seininis
1023 1412 1170 1486 duabus
1188 1439 1295 1486 men·-

277 1537 424 1609 tionem
444 1535 611 1630 injiciat,
633 1555 795 1628 quarum
815 1532 969 1604 alteram
989 1557 1038 1602 ea
1061 1529 1212 1603 laterali
1228 1533 1296 1604 do-

280 1653 362 1726 lore
386 1657 588 1724 extinctam
601 1652 726 1742 fuisse
751 1649 996 1745 conjiciebat,
1019 1651 1135 1721 altera
1161 1653 1296 1738 enfin-

272 1773 545 1870 flammatione
565 1773 673 1839 tertia
693 1767 754 1838 die
773 1773 985 1856 interierat;
1012 1768 1183 1866 pleuram
1209 1771 1295 1866 qui-

280 1889 387 1976 dem,
416 1886 481 1960 sed
503 1905 582 1956 non
604 1885 825 1984 pulmones,
857 1901 1139 1957 commemorat.
1160 1889 1204 1957 In
1230 1886 1295 1957 illa

278 2008 381 2080 enim
400 2007 751 2102 inflammationem,
773 2002 921 2091 scribit,
951 2018 1071 2074 totam
1079 2007 1169 2096 fere
1186 2010 1294 2074 sinis·

281 2139 381 2214 tram
397 2121 521 2193 sedem
540 2123 772 2191 membranae
789 2135 910 2191 costas
926 2127 1183 2219 succingentis,
1194 2147 1297 2221 prce·

279 2247 387 2338 cipue
402 2253 525 2309 tamen
542 2235 598 2306 ad
618 2252 805 2308 costarum
822 2237 988 2326 radices,
1011 2263 1220 2339 occupasse.
1248 2245 1293 2311 In

278 2357 351 2431 hac
361 2381 452 2427 vero
464 2353 665 2426 secundum
677 2380 786 2426 venae
788 2380 889 2453 pare
902 2363 1060 2428 carentis
1074 2364 1293 2454 ingressum,

279 2489 318 2546 et
337 2478 452 2572 ipsius
467 2477 701 2572 propagines
722 2487 840 2544 totam
853 2479 1105 2572 posteriorem
1126 2476 1294 2547 thoracis

278 2589 405 2662 sedem
421 2594 670 2687 occupavisse,
690 2603 728 2659 et
743 2591 817 2660 sibi
832 2591 888 2662 ad
911 2595 1033 2663 morbi
1052 2593 1221 2666 lateralis
1238 2617 1293 2663 es-

279 2712 439 2781 sentiam
462 2706 753 2803 dignoscendam
776 2715 962 2806 egregium
983 2717 1165 2808 specimen
1185 2735 1292 2809 prce-

281 2827 410 2898 buisse.
429 2829 507 2922 Ego
526 2847 616 2896 vero
632 2849 712 2895 non
734 2823 797 2896 hic
819 2824 960 2917 dicam,
977 2827 1167 2900 Vesalinm
1198 2843 1291 2898 tunc

278 2942 383 3014 aliud
409 2955 601 3042 agentem,
624 2955 661 3014 et
680 2965 722 3012 ea
741 2941 865 3016 obiter
886 2960 1182 3033 memorantem,
1205 2944 1290 3042 pul-

278 3083 439 3132 monum
459 3059 649 3131 laesionem
676 3059 850 3132 omittere
867 3063 1034 3158 potuisse
1057 3087 1102 3134 eo
1120 3059 1288 3150 facilius,

279 3176 384 3274 quod
404 3176 471 3247 illo
488 3190 660 3273 tempore
678 3178 803 3248 minus
828 3175 907 3248 haec
935 3179 1189 3250 controversia
1214 3179 1289 3275 agi·

279 3292 451 3364 tabatur:
473 3291 537 3364 sed
561 3292 778 3391 pulmones,
799 3295 828 3366 si
841 3295 916 3383 vis,
932 3295 1065 3368 illaesos
1083 3296 1124 3365 in
1141 3295 1289 3368 duabus

277 3410 353 3482 illis
370 3407 592 3481 mulieribus
611 3407 740 3498 fuisse,
755 3410 875 3499 dabn,
894 3411 986 3489 dum
999 3427 1126 3484 temen
1139 3427 1181 3484 tu
1194 3437 1289 3510 quo-

279 3551 355 3626 que
372 3527 457 3616 dee,
473 3528 513 3597 in
531 3527 604 3598 illis
622 3527 820 3617 omnibus,
838 3554 933 3626 quos
952 3545 1051 3602 certe
1068 3530 1190 3602 multo
1204 3530 1287 3628 plu·

278 3645 520 3722 resCoiterus
533 3645 713 3743 designat,
727 3644 897 3743 pleuram
912 3647 991 3718 sine
1003 3647 1152 3719 laesione
1164 3647 1287 3734 fuisse,

316 4017 361 4097 (ί)
383 4017 477 4094 Epist.
491 4017 528 4075 de
541 4017 604 4074 rad.
619 4017 706 4091 chyn.
