2816 4668
159 442 227 490 nm.
255 441 295 490 11.
323 443 369 488 nr
395 438 1015 506 noniusrnonncrs,rrrsr.xxv1.
1043 426 1113 521 427

102 573 269 644 tumor,
292 553 490 648 'furunculi
522 558 638 634 instar
674 558 856 652 majoris:
886 583 962 655 qua
992 563 1117 658 specie

104 676 259 774 decepti
283 675 457 773 vulgares
486 675 641 772 quidam
671 677 875 776 Chirurgi,
901 679 1115 774 pulsatione

103 809 173 868 aut
194 795 350 866 minime
369 795 648 880 animadversa,
666 810 730 865 aut
746 797 942 893 neglecta,
967 821 1009 866 ea
1034 821 1116 893 quae

102 913 157 986 ad
169 915 480 1010 suppurationem
491 911 700 1010 perducere
712 913 973 985 vehementius
983 915 1118 1002 solent,

101 1031 385 1128 imposuerunt.
413 1035 508 1102 Cum
532 1045 660 1101 tumor
682 1032 927 1118 incresceret,
944 1032 1005 1101 alii
1022 1029 1119 1102 mol·

101 1148 236 1220 lientia
263 1133 540 1235 adhibuerunt,
566 1147 668 1218 unde
687 1149 719 1219 is
734 1148 909 1218 imminui
923 1145 1024 1219 visus
1042 1163 1116 1234 est,

102 1265 273 1340 delinitis
304 1266 479 1338 videlicet
506 1266 712 1364 laxatisque
731 1265 853 1353 fibris,
881 1289 974 1362 quas
997 1266 1118 1337 medi·-

101 1401 278 1458 oamenta
299 1385 362 1456 illa
389 1387 516 1483 priora
534 1377 780 1456 irritaverant.
802 1389 943 1456 Verum
967 1411 1054 1456 cnm
1075 1409 1120 1456 ea

99 1527 166 1577 res
186 1501 233 1574 ad
253 1501 510 1598 integumenta
529 1503 747 1574 communia
764 1502 917 1598 potius,
937 1527 1052 1598 quam
1071 1499 1120 1574 ad

65 1710 70 1721 Ι
100 1621 263 1719 propria
290 1620 453 1692 tumoris
484 1618 684 1704 attineret3
709 1617 784 1688 cito
806 1617 868 1688 hic
894 1641 972 1688 tion
1002 1619 1121 1690 modo

100 1739 304 1836 pristinam
329 1737 432 1807 illam
453 1735 755 1832 magnitudinem
785 1757 945 1822 rursus,
971 1735 1119 1806 sedvel
1161 1745 1165 1752 ’

102 1857 290 1951 majorem
315 1857 354 1926 in
382 1855 462 1926 dies
485 1852 660 1924 ostendit.
679 1857 812 1949 ltaque
829 1877 916 1922 cum
933 1854 972 1922 in
994 1858 1121 1923 Bono-

102 1975 238 2044 niense
258 1972 526 2050 incurabilium
553 1973 818 2044 nosocomium
832 1996 953 2058 anuo,
967 1972 1121 2068 opinor,

108 2093 220 2188 1704,
250 2105 428 2189 exceptus
459 2105 514 2162 est
544 2114 665 2188 aeger,
694 2090 898 2188 cydoniam
920 2089 1120 2162 mediocre
1148 2138 1150 2141 -

103 2207 279 2304 oequabat
298 2207 462 2296 malum,
479 2221 516 2278 et
538 2208 641 2304 quod
660 2208 783 2279 multo
805 2209 913 2306 pejus
935 2222 1032 2292 erat,
1056 2232 1120 2278 ex-

105 2323 244 2396 sudare
274 2325 494 2422 sangninem
524 2324 692 2422 quodam
717 2325 802 2394 loco
823 2323 1049 2422 incipiebat,
1077 2339 1120 2396 ut

102 2443 266 2538 propius
286 2441 381 2514 nihil
401 2438 540 2512 factum
560 2443 630 2529 sit,
650 2461 765 2539 quam
779 2457 821 2512 ut
840 2455 986 2520 cutem,
1002 2441 1055 2513 ibi
1072 2437 1120 2514 a‘d

108 2581 299 2630 summam
337 2559 561 2631 tenuitatem
588 2559 799 2648 redactam,
831 2561 908 2657 ipse
946 2561 1120 2632 instantis

98 2676 178 2771 jam
199 2677 358 2780 periculi
376 2678 553 2775 ignarus,
577 2677 852 2774 disrumperet,
879 2677 970 2748 dum
996 2693 1121 2750 osten-

103 2793 293 2882 dendisui
306 2794 431 2866 morbi
445 2819 554 2867 causa
568 2795 710 2893 splenia
723 2793 924 2866 detrahere
934 2797 1116 2893 coepisset.

100 2912 229 3002 Quod,
241 2939 281 2984 re
294 2915 416 2984 statim
429 2912 697 2997 animadversa,
706 2911 889 3009 perficere
905 2912 1120 3009 prohibitus

102 3045 182 3118 est,
195 3046 231 3102 et
246 3033 441 3128 quiescere
454 3031 602 3126 jussus,
615 3046 652 3132 et
666 3029 712 3100 de
726 3031 900 3126 proximo
912 3029 1120 3100 inevitabili

101 3175 122 3220 c
146 3149 297 3220 mortali
310 3149 380 3220 hac
399 3150 471 3220 vita
484 3148 649 3220 discessu
663 3148 724 3244 pie
746 3147 921 3244 serioque
941 3147 1115 3244 cogitare.

100 3269 181 3358 Qui
207 3267 390 3364 postridie
417 3267 575 3364 contigit
598 3291 643 3337 ex
659 3265 935 3362 praenunciata,
955 3266 1019 3338 sed
1040 3291 1119 3338 uon

101 3398 182 3456 tam
197 3383 278 3455 cito
308 3382 354 3454 ab
381 3408 480 3481 oegro
503 3395 718 3482 expectata,
748 3383 904 3454 immani
927 3385 1120 3480 sauguinis

102 3497 339 3600 profusione.
370 3503 420 3571 Ea
443 3516 569 3572 tamen
602 3501 718 3572 animi
741 3502 936 3598 prasentia
957 3499 1053 3588 fuit,
1075 3517 1119 3572 ut

104 3621 230 3692 statim
253 3643 295 3690 ac
315 3617 469 3717 prodire
490 3621 713 3716 sanguinem
734 3610 874 3707 sensit,
900 3619 1012 3690 simul
1036 3623 1117 3690 Deo

104 3736 621 3824 secommendaverit,simnl
632 3737 771 3835 pelvim
783 3761 866 3834 quac
879 3736 925 3806 ad
938 3736 1116 3808 lectulum

104 3871 204 3943 emt,
222 3857 298 3928 suis
316 3856 397 3954 ipse
416 3852 592 3925 manibus
609 3844 774 3952 ceperit,
793 3868 830 3924 et
842 3855 950 3950 quasi
963 3855 1116 3925 alterius

104 3973 294 4089 excipiens
313 3971 535 4069 sanguinem
556 4024 567 4060 ,
588 3971 730 4042 tumori
740 3969 870 4041 hianti
893 3969 1115 4065 subjecerit,
