2820 4668
190 479 259 528 mr.
287 477 327 526 ιι.
355 479 402 524 nr
427 473 565 523 nosris
588 473 782 537 monacis,
801 473 914 524 ressa.
934 476 1047 524 xxvn.
1077 449 1146 530 535

139 592 414 668 eruditissimus
427 589 586 667 cretlius
602 587 676 686 (t),
698 602 741 660 ut
759 589 949 667 evinceret
969 599 1148 682 arterias,

138 710 188 788 de
221 709 360 808 quibus
387 708 450 789 hie
480 679 717 807 potissimum
746 707 976 804 quaerimus,
1002 735 1079 783 non
1110 717 1148 790 in

138 829 287 902 senibus
307 842 472 914 tontum,
493 824 562 901 sed
581 829 710 923 quant
731 831 854 906 etatis
870 825 1031 923 periodo
1048 833 1087 902 rit
1105 852 1148 900 os

138 971 215 1020 esse
237 959 402 1022 mutatos
414 971 433 1032 ;¹
452 943 624 1042 quamvis
647 941 820 1018 eamdem
842 943 967 1034 illam,
987 943 1053 1021 sed
1073 945 1147 1022 alio

139 1064 361 1162 explicatam
374 1059 509 1152 modo,
527 1074 753 1158 sequeretur
767 1063 1003 1146 seutentiam.
1023 1065 1147 1154 Quam

139 1181 603 1285 explicationemquippo
622 1178 670 1284 ad
688 1180 843 1254 arterias
858 1182 1048 1280 praecipue
1064 1187 1147 1262 atti-

137 1313 311 1387 nentem,
334 1299 396 1374 bic
423 1299 706 1396 praetermittere
724 1298 832 1372 nullo
851 1313 963 1396 pacto
979 1323 1144 1398 possum.

190 1443 246 1494 αι.
266 1416 399 1493 trellis
422 1417 538 1515 igitur
558 1415 782 1514 explicatio,
802 1417 878 1490 sire
899 1418 1016 1493 mavis
1030 1441 1146 1516 pecu·

135 1536 237 1612 liaris
259 1535 444 1609 sententia
454 1549 509 1614 est
523 1533 593 1629 (a),
605 1557 689 1628 quse
701 1535 740 1609 in
754 1534 899 1606 arteriis
909 1559 1022 1608 osseae
1034 1534 1145 1616 brac·

133 1670 202 1731 tere
214 1653 418 1739 dicuntur,
435 1675 565 1760 revera
580 1673 659 1726 oon
678 1673 757 1725 esse
775 1673 918 1738 osseas,
932 1651 998 1724 sed
1013 1653 1146 1750 topha-

124 1797 283 1852 1ceasex
303 1798 398 1871 pure
417 1773 702 1861 concretiones,
718 1773 827 1868 cujus
843 1771 1017 1844 tenuiore
1038 1788 1146 1870 parte

133 1889 515 1988 dissipata,restitans
532 1892 692 1968 crassior
708 1889 920 1966 induretur.
933 1894 1029 1962 Cum
1042 1891 1144 1966 enirn

132 2008 292 2086 exiliora
309 2009 502 2105 quaeintra
519 2009 740 2086 arteriarum
754 2007 1001 2086 substantiam
1015 2031 1145 2106 petuo·

134 2141 249 2223 punt,
267 2125 416 2220 vascula
434 2126 546 2203 lentis
556 2125 785 2224 viscidisque
801 2123 1052 2200 obstruuntur
1060 2149 1144 2204 suu·

88 2307 90 2318 .
134 2246 212 2332 cis,
237 2267 402 2341 quorum
431 2245 470 2318 in
502 2243 681 2333 senibus,
710 2259 775 2319 aut
801 2241 1143 2342 intemperantibus

136 2359 1143 2468 etismjuniorihuscopiaest,facilcfieri,utobstruo-

134 2478 278 2556 tionem
289 2476 554 2568 normania,
566 2478 904 2557 inflammationem
919 2480 1143 2578 suppuratio

133 2611 414 2694 consequatur:
437 2623 509 2696 pus
537 2613 665 2676 autem
685 2595 830 2672 effundi
850 2599 890 2670 in
915 2597 1142 2676 celtutosum

131 2729 371 2801 conserano,
387 2739 467 2812 quo
484 2739 620 2794 caruca
637 2717 780 2796 arteriae
802 2716 928 2791 tunica
943 2713 992 2792 ab
1009 2716 1141 2793 intima
1260 2723 1279 2770 ·'·

131 2847 342 2929 separetur,
370 2858 516 2930 perque
533 2858 595 2911 eas
615 2833 788 2918 cellulas,
808 2834 953 2930 quippo
977 2832 1078 2907 inter
1099 2855 1140 2907 se

130 2952 477 3036 communicantes,
505 2949 670 3024 defluere
701 2948 818 3022 modo
842 2949 999 3046 plures,
1022 2947 1139 3024 modo

132 3067 352 3162 pauciores,
368 3083 411 3142 ut
424 3067 541 3166 ipsius
560 3067 669 3164 copia
684 3067 827 3162 major,
846 3080 912 3143 aut
927 3065 1054 3160 minor
1066 3079 1140 3156 est,

131 3184 170 3253 in
208 3184 329 3280 iisque
360 3185 567 3258 subsistens
600 3207 854 3256 concrescere.
888 3184 985 3256 Hinc
1013 3199 1141 3257 autem

132 3324 236 3389 esse,
257 3299 400 3374 cur'hae
416 3299 629 3402 'squamulae
649 3301 748 3373 inter
770 3299 862 3372 duas
887 3298 969 3373 illas
993 3301 1140 3374 tunicas

132 3419 402 3509 inveniantur,
432 3423 501 3493 nisi
532 3421 682 3516 major,
710 3435 774 3490 aut
799 3418 942 3492 diutius
968 3435 1141 3518 perstans

130 3539 352 3634 suppuratio
365 3563 426 3611 eas
442 3540 608 3637 denique
621 3539 888 3610 tunicasetiam
902 3552 1139 3640 corrumpat,

168 3830 213 3910 (ι)
234 3833 307 3892 Ohs.
327 3836 365 3892 de
384 3829 494 3894 aruris
510 3835 611 3896 cordis
627 3853 767 3894 mturar-
788 3836 885 3894 inttar
902 3833 978 3894 aaa
999 3837 1139 3895 indurata

131 3936 212 4112 sii)
233 4031 313 4090 nra.
330 4037 346 4107 s
362 4034 379 4092 s
396 4046 425 4093 a
442 4055 470 4112 9.
