2816 4668
136 457 204 503 mc.
235 455 276 504 11.
303 449 870 518 nunonmsrnontcis,rr1sr.
897 455 994 502 xxv1.
1023 433 1094 521 463

87 585 148 642 tos
164 579 289 640 autem
309 591 385 638 esse
408 563 504 636 duos
531 566 719 636 obscessus
739 571 777 636 in
797 579 927 638 trunco
946 577 1100 643 arteriae

86 683 212 758 aeria
226 708 354 784 prope
380 707 465 772 cor,
499 679 599 753 unde
625 687 778 777 sanguis
803 689 959 756 exierat.
987 691 1097 761 Certe

61 851 63 857 ι
87 801 307 876 credibilius
326 816 382 874 est
397 813 658 896 aneurysmata
689 799 768 869 duo
792 801 940 874 modica
961 801 1095 894 fuisse,

87 920 285 1022 polyposis
311 915 620 1024 concretionibus
640 914 774 1007 hrota,
793 943 892 1016 quoe,
919 945 998 993 non
1017 925 1098 996 wins.

86 1053 198 1140 pecta
217 1039 319 1110 intus
335 1051 461 1125 corta,
481 1049 634 1133 accepto
648 1035 721 1106 sint
737 1057 809 1133 pro
823 1037 946 1109 crudis
962 1055 1097 1110 etsan-

82 1161 251 1255 gaianis,
270 1160 345 1228 sire
365 1155 667 1252 inflammatorits
686 1153 913 1226 abscessibus
929 1157 1097 1231 nondum

85 1279 305 1374 suppuratis
318 1299 329 1341 .·
344 1271 473 1370 quales
488 1271 616 1368 rumpi
631 1268 678 1342 ab
690 1271 819 1360 ira,‘et
830 1276 938 1374 rupti
949 1289 1096 1348 tannim

88 1391 282 1490 sanguinis
298 1389 426 1462 subito
437 1385 634 1460 effundere
647 1413 726 1458 non
742 1393 953 1486 potuissent
964 1422 971 1464 :
984 1419 1101 1492 quan·
1176 1483 1179 1492 ,

87 1533 206 1609 quam
225 1509 285 1580 vel
299 1521 464 1606 spectata
478 1508 582 1577 intus
599 1521 779 1602 extraque
788 1507 848 1580 his
859 1512 996 1583 nostris
1006 1521 1098 1584 te'm-

90 1627 254 1728 pon'bus
276 1625 411 1701 arteria
435 1643 592 1718 magna,
614 1635 651 1692 et
671 1643 779 1692 exesa
798 1624 848 1693 ita
866 1640 1024 1724 utsaepe
1044 1633 1098 1699 vi·
1122 1627 1124 1632 ’

90 1745 239 1830 dimus,
260 1763 382 1840 prope
400 1761 468 1810 cor
489 1739 670 1835 utrinque
687 1739 864 1829 inventa,
887 1742 988 1815 unde
1013 1769 1099 1816 san·

94 1860 178 1959 guis
189 1861 230 1930 in
247 1857 502 1959 pericardium
517 1869 675 1954 repente
691 1857 900 1954 imperat,
918 1874 998 1930 tum
1021 1861 1100 1936 hoec

94 1979 256 2078 irruptio
284 1999 356 2075 pro
383 1973 538 2046 insolito
561 1994 667 2064 casu,
692 1987 773 2044 tum
793 1973 856 2046 illa
880 1978 1008 2051 enesio
1028 2003 1100 2078 pro

95 2109 207 2166 nortae
224 2093 424 2180 abscessu,
438 2089 573 2161 melius
589 2105 717 2162 umen
733 2090 926 2164 intellecto
940 2097 1100 2194 explica·
1156 2075 1163 2100 ’
1235 2116 1237 2119 ·

92 2227 208 2308 toque
235 2209 428 2309 proposita
450 2221 548 2280 sunt.
572 2211 716 2279 Verum
732 2223 773 2280 ut
791 2209 839 2280 ad
865 2215 1098 2311 suspiciones

95 2330 314 2418 redeamus,
333 2327 526 2398 historiam
539 2323 635 2398 forte
650 2325 784 2424 legeris
800 2319 967 2404 hominis
977 2339 1099 2404 maxi·

94 2471 154 2518 me
177 2447 281 2518 obesi
290 2499 301 2532 ,
323 2445 390 2542 qui
409 2468 441 2514 ci
455 2443 708 2540 nquerebatur
723 2442 771 2514 de
783 2445 1043 2544 palpitatione
1061 2467 1099 2524 et

95 2563 231 2635 dolore
245 2562 384 2650 cordes,
405 2585 487 2632 oum
496 2560 610 2660 puicu
624 2561 808 2660 insequali
821 2578 860 2634 et
869 2567 1099 2667 quandoque

94 2680 289 2778 deficiente
305 2705 317 2749 .·
334 2679 444 2775 cujus
463 2694 548 2777 post
567 2677 736 2766 obitum,
761 2681 849 2776 qui,
866 2681 957 2756 dum
974 2685 1099 2758 alvum

95 2813 339 2883 exoneraret,
358 2811 508 2896 repente
520 2797 679 2894 contigit
686 2849 696 2883 ,
696 2797 956 2894 pericordium
974 2806 1098 2874 ineen-

97 2930 176 2986 turn
190 2930 245 2986 est
253 2915 413 3014 plenum
428 2918 619 3009 sanguinis
634 2917 814 3000 concreti,
835 2915 970 2986 coloris
983 2924 1100 3014 niger·

96 3038 185 3104 rimi
196 3027 502 3125 etfoediodori53
518 3035 556 3099 in
567 3043 682 3128 parte
703 3038 1035 3128 autemsupertori
1045 3041 1099 3105 ito

97 3151 374 3242 conformatum
402 3151 597 3246 apparuit,
617 3159 660 3216 ut
679 3167 783 3216 renes
808 3157 1100 3225 succenturiatos

98 3272 137 3336 in
153 3267 363 3338 substantia
378 3277 672 3363 repraesentaret.
691 3262 875 3361 Equidem
894 3263 996 3339 houd
1014 3269 1099 3342 infi-

96 3385 173 3456 cias
202 3384 350 3470 iverim,
383 3395 551 3452 tumores
581 3377 794 3478 pericerdio
827 3375 994 3475 innesci,
1032 3391 1099 3486 qui

97 3499 285 3572 intrahcc
305 3499 490 3596 disrumpi
517 3511 674 3604 quea11·t;
696 3491 890 3596 fateorque
916 3526 1002 3573 cum
1023 3504 1097 3578 hu-

93 3617 262 3715 jusmodi
275 3641 315 3688 re
329 3599 537 3714 congruere
553 3616 680 3688 odoris
696 3613 915 3688 fetiditatem
925 3643 935 3707 3
946 3621 1011 3692 sed
1023 3623 1098 3696 hoc

102 3752 228 3807 tamen
242 3735 322 3820 aie,
340 3733 370 3804 si
384 3733 423 3802 in
441 3757 529 3804 eum
548 3756 674 3804 casum
694 3734 752 3803 vir
768 3734 904 3831 aliquis
917 3740 1034 3834 magis
1045 3744 1099 3812 rei

100 3853 317 3925 anatomicae
337 3849 526 3922 studiosus
539 3849 747 3937 incidisset,
760 3853 1002 3948 qucesiturum
1012 3853 1101 3928 fuis-

103 3995 163 4060 se,
179 3967 281 4042 unde
294 3983 438 4040 tantum
453 3966 621 4038 concreti
638 3981 675 4037 et
689 3968 883 4065 nigerrimi
899 3974 1102 4069 sanguinis,
