2948 4668
238 486 306 534 ma.
333 486 372 532 11.
401 487 448 532 ne
473 453 609 532 nonnis
633 483 831 549 ruonlcrs,
856 487 968 534 amsr.
995 490 1077 535 xxv.
1098 465 1177 553 '403

171 611 291 686 terat,
312 622 398 668 cum
416 611 651 694 tangeretur,
666 621 744 668 non
765 599 943 687 sentiret3
965 601 1179 697 quasivero

177 739 263 786 eum
276 737 497 786 mucronem
511 737 600 784 caro
607 715 779 809 fungosa
791 739 1018 803 excrescens,
1030 717 1086 788 uti
1101 742 1183 790 nar·

178 849 255 923 rat,
273 860 352 906 non
375 837 583 906 obtexisset.
609 832 792 929 Equidem
813 831 880 904 ubi
907 825 1182 930 ejusdemmodi

180 976 267 1024 caro
277 951 455 1039 excrevit,
465 966 527 1022 aut
543 948 611 1021 ubi
626 973 691 1021 cor
706 948 881 1020 laxumac
898 948 1095 1022 flaccidum
1106 967 1181 1042 est,

178 1068 292 1140 etubi
308 1067 566 1140 membranam
587 1066 779 1164 propriam
795 1089 881 1136 cum
903 1065 1081 1162 subjectis
1093 1069 1182 1142 huic

177 1186 320 1272 nervis,
339 1199 404 1255 aut
424 1185 549 1256 minus
563 1198 708 1256 tensam
725 1180 857 1270 habet,
879 1198 943 1254 aut
965 1183 1014 1256 ob
1035 1185 1182 1274 diutur-

105 1295 110 1306 ’
178 1328 267 1374 nam
282 1303 321 1373 in
332 1303 448 1374 multa
458 1301 656 1401 pericardii
669 1325 765 1397 aqua
779 1303 1082 1403 macerationem,
1094 1305 1183 1374 ami·

177 1422 242 1497 sit.
253 1437 342 1514 tunc
356 1445 436 1494 esse
450 1419 575 1492 cordis
586 1419 711 1492 ulcera
724 1421 803 1490 sine
817 1419 895 1490 ullo
909 1418 1025 1492 ferme
1041 1421 1183 1494 doloris

175 1561 309 1626 sensu,
334 1536 476 1608 inficias
493 1534 597 1608 facile
616 1561 696 1606 non
718 1535 794 1606 ibo.
817 1539 958 1608 Verum
980 1555 1182 1638 antequam

181 1654 280 1742 haec,
298 1651 664 1748 nliavfflejuscemodi
691 1651 882 1739 accidant,
906 1656 1040 1741 mirer,
1067 1657 1097 1726 si
1117 1681 1184 1728 cor

184 1770 362 1842 enodatur
388 1786 425 1842 ct
440 1769 674 1840 exulceretur
687 1769 766 1838 sine
784 1767 926 1840 dolore.
952 1773 1082 1866 ltaque
1097 1795 1184 1842 cum

181 1888 297 1959 Olaus
314 1886 529 1958 Borrichius
543 1883 596 1983 (1)
613 1886 852 1958 Centurionis
866 1893 932 1956 co'r
948 1885 1184 1979 describere,
1214 1925 1217 1930 ·

175 2005 406 2076 exteriorem
430 2004 545 2099 hujus
565 2026 716 2073 carnem
741 2000 928 2098 profunde
953 2027 1120 2093 exesam,
1144 2006 1185 2078 in

182 2121 334 2194 lacinias
365 2136 402 2194 et
436 2121 546 2192 villos
577 2134 834 2216 putrescentes
866 2119 1000 2192 abiisse
1037 2126 1184 2214 narrat,

180 2241 307 2310 minus
318 2238 357 2310 id
368 2235 460 2314 mibi
471 2239 609 2306 mirum
625 2250 680 2308 est
692 2236 796 2333 quod
807 2252 897 2307 tunc
908 2240 1088 2310 Centurio
1104 2265 1183 2313 non

181 2355 342 2442 doleret,
365 2355 582 2434 membrana
605 2352 779 2426 videlicet
807 2353 929 2424 cordis
947 2362 1109 2454 propria
1137 2359 1184 2430 ab

182 2473 260 2547 acri
280 2471 441 2544 humore
470 2495 547 2567 quo
572 2470 823 2567 pericardium
853 2470 1058 2544 distentum
1088 2491 1186 2564 erat,

178 2590 257 2686 jam
272 2592 478 2687 absumpta.
491 2588 604 2678 Quod
619 2603 743 2660 autem
754 2587 801 2660 de
809 2588 940 2660 dolore
952 2590 1073 2662 cordis
1088 2569 1188 2690 teger

179 2727 375 2805 uunquam
391 2723 612 2804 conquestus
637 2721 744 2792 essct,
769 2705 808 2776 id
832 2731 921 2776 vero
941 2709 1079 2782 mirum
1107 2735 1185 2782 non

182 2849 261 2898 esse
295 2850 374 2896 non
395 2837 544 2923 p'otest,
572 2825 644 2896 nisi
664 2821 759 2894 forte
781 2848 974 2920 ponamus
999 2825 1186 2898 membra-

183 2967 272 3018 nam
300 2943 402 3014 illam
430 2943 680 3014 maceratione
701 2940 857 3012 laxatam
883 2944 1097 3027 secessisse,
1124 2959 1187 3014 aut

181 3076 282 3135 certe
310 3062 468 3136 maxime
488 3058 662 3132 hebetem
688 3055 821 3128 factum
840 3069 940 3142 ess'e,
964 3060 1184 3155 priusquam

182 3178 305 3250 acrior
325 3175 432 3250 fieret
447 3174 646 3276 pericardii
662 3174 820 3262 humor,
837 3189 873 3246 et
884 3173 932 3246 ad
950 3174 1184 3249 erodendum
1222 3202 1227 3213 ·

183 3295 357 3372 idoneus.
410 3295 440 3368 s

239 3437 291 3510 19.
302 3414 392 3481 Tam
403 3413 526 3508 gravia
538 3435 604 3482 cor
617 3409 712 3480 mala
722 3427 733 3496 ,'
743 3425 779 3481 et
788 3409 965 3512 diuturna
979 3408 1056 3510 lere
1068 3433 1188 3508 posse,

185 3509 406 3601 incredibile
433 3530 562 3626 priscis
592 3527 809 3599 auctoribus
833 3527 1044 3614 videbatur,
1070 3553 1190 3624 quan·

147 3665 149 3670 ’
186 3671 299 3744 quam
312 3646 454 3717 Plinius
474 3644 528 3742 (α)
550 3669 629 3716 rem
648 3646 767 3716 multo
781 3641 898 3742 m'agis
917 3661 1031 3740 quam
1051 3646 1190 3714 bristo·

228 3929 272 4006 (ι)
292 3931 328 3985 In
341 3905 505 3984 llartholini
517 3937 573 3983 act.
585 3927 662 3982 med.
672 3929 760 3986 Hafn.
773 3929 836 3986 vol·-
853 3881 963 3996 r,ibs,
973 3927 1022 4002 89.
1070 3945 1073 3953 ¹

231 4029 274 4108 (a)
296 4030 365 4088 Nat.
377 4022 447 4084 hist.
461 4028 482 4083 l.
499 4045 531 4082 rr
544 4065 554 4096 ,
567 4043 594 4082 c.
609 4026 656 4096 37.

946 4077 1024 4222 ⁸2¹6*
1077 4085 1080 4090 Δ
