<?xml version="1.0" encoding="UTF-8"?>
<!DOCTYPE html PUBLIC "-//W3C//DTD XHTML 1.0 Transitional//EN"
    "http://www.w3.org/TR/xhtml1/DTD/xhtml1-transitional.dtd">
<html xmlns="http://www.w3.org/1999/xhtml" xml:lang="en" lang="en">
 <head>
  <title>
</title>
<meta http-equiv="Content-Type" content="text/html;charset=utf-8" />
  <meta name='ocr-system' content='tesseract 3.04.00' />
  <meta name='ocr-capabilities' content='ocr_page ocr_carea ocr_par ocr_line ocrx_word'/>
</head>
<body>
  <div class='ocr_page' id='page_1' title='image "./desedibusetcaus01adelgoog_0262.png"; bbox 0 0 2808 4664; ppageno 0'>
   <div class='ocr_carea' id='block_1_1' title="bbox 113 425 1185 548">
    <p class='ocr_par' dir='ltr' id='par_1_1' title="bbox 113 425 1185 548">
     <span class='ocr_line' id='line_1_1' title="bbox 113 425 1185 548; baseline -0.007 -26"><span class='ocrx_word' id='word_1_1' title='bbox 113 475 181 522; x_wconf 74' lang='lat' dir='ltr'>tte.</span> <span class='ocrx_word' id='word_1_2' title='bbox 209 471 250 520; x_wconf 89' lang='lat'>11.</span> <span class='ocrx_word' id='word_1_3' title='bbox 278 471 327 518; x_wconf 79' lang='lat' dir='ltr'>DE</span> <span class='ocrx_word' id='word_1_4' title='bbox 351 467 492 518; x_wconf 69' lang='lat' dir='ltr'>HORBIS</span> <span class='ocrx_word' id='word_1_5' title='bbox 515 465 710 534; x_wconf 69' lang='lat' dir='ltr'>montem,</span> <span class='ocrx_word' id='word_1_6' title='bbox 737 467 850 518; x_wconf 78' lang='lat' dir='ltr'><strong>EPIST·</strong></span> <span class='ocrx_word' id='word_1_7' title='bbox 877 471 977 525; x_wconf 79' lang='lat' dir='ltr'><strong>XXIV·</strong></span> <span class='ocrx_word' id='word_1_8' title='bbox 1006 475 1082 548; x_wconf 73' lang='lat' dir='ltr'>27L</span> <span class='ocrx_word' id='word_1_9' title='bbox 1147 425 1185 504; x_wconf 55' lang='lat' dir='ltr'>i·</span> 
     </span>
    </p>
   </div>
   <div class='ocr_carea' id='block_1_2' title="bbox 64 579 1204 3524">
    <p class='ocr_par' dir='ltr' id='par_1_2' title="bbox 64 579 1204 3524">
     <span class='ocr_line' id='line_1_2' title="bbox 69 579 1078 687; baseline 0.002 -29"><span class='ocrx_word' id='word_1_10' title='bbox 69 588 192 687; x_wconf 83' lang='lat' dir='ltr'>ginem</span> <span class='ocrx_word' id='word_1_11' title='bbox 212 583 310 676; x_wconf 81' lang='lat' dir='ltr'>dixi,</span> <span class='ocrx_word' id='word_1_12' title='bbox 335 583 397 656; x_wconf 92' lang='lat' dir='ltr'>cui</span> <span class='ocrx_word' id='word_1_13' title='bbox 420 580 533 655; x_wconf 85' lang='lat' dir='ltr'>fuisse</span> <span class='ocrx_word' id='word_1_14' title='bbox 557 585 623 654; x_wconf 88' lang='lat' dir='ltr'>cor</span> <span class='ocrx_word' id='word_1_15' title='bbox 642 579 766 654; x_wconf 90' lang='lat' dir='ltr'>multo</span> <span class='ocrx_word' id='word_1_16' title='bbox 784 581 1078 683; x_wconf 86' lang='lat' dir='ltr'>amplissimum,</span> 
     </span>
     <span class='ocr_line' id='line_1_3' title="bbox 69 699 1080 800; baseline 0.002 -22"><span class='ocrx_word' id='word_1_17' title='bbox 69 704 364 792; x_wconf 87' lang='lat' dir='ltr'>animadvertes;</span> <span class='ocrx_word' id='word_1_18' title='bbox 383 699 483 774; x_wconf 77' lang='lat' dir='ltr'>infra</span> <span class='ocrx_word' id='word_1_19' title='bbox 505 699 560 798; x_wconf 84' lang='lat'>(1)</span> <span class='ocrx_word' id='word_1_20' title='bbox 587 701 658 772; x_wconf 91' lang='lat' dir='ltr'>erit</span> <span class='ocrx_word' id='word_1_21' title='bbox 682 716 926 800; x_wconf 90' lang='lat' dir='ltr'>opportunus</span> <span class='ocrx_word' id='word_1_22' title='bbox 946 705 1080 780; x_wconf 87' lang='lat' dir='ltr'>admo-</span> 
     </span>
     <span class='ocr_line' id='line_1_4' title="bbox 69 815 1080 922; baseline 0.001 -26"><span class='ocrx_word' id='word_1_23' title='bbox 69 823 183 896; x_wconf 85' lang='lat' dir='ltr'>nendi</span> <span class='ocrx_word' id='word_1_24' title='bbox 213 823 341 909; x_wconf 89' lang='lat' dir='ltr'>locus,</span> <span class='ocrx_word' id='word_1_25' title='bbox 366 819 464 918; x_wconf 88' lang='lat' dir='ltr'>quid</span> <span class='ocrx_word' id='word_1_26' title='bbox 489 815 704 890; x_wconf 84' lang='lat' dir='ltr'>faciendum</span> <span class='ocrx_word' id='word_1_27' title='bbox 737 833 846 892; x_wconf 89' lang='lat' dir='ltr'>antea</span> <span class='ocrx_word' id='word_1_28' title='bbox 872 823 934 913; x_wconf 92' lang='lat' dir='ltr'>sit,</span> <span class='ocrx_word' id='word_1_29' title='bbox 964 849 1080 922; x_wconf 86' lang='lat' dir='ltr'>qua-m</span> 
     </span>
     <span class='ocr_line' id='line_1_5' title="bbox 69 921 1079 1037; baseline 0 -22"><span class='ocrx_word' id='word_1_30' title='bbox 69 941 357 1015; x_wconf 76' lang='lat' dir='ltr'>concretionem</span> <span class='ocrx_word' id='word_1_31' title='bbox 371 937 644 1037; x_wconf 89' lang='lat' dir='ltr'>polyposarum</span> <span class='ocrx_word' id='word_1_32' title='bbox 654 921 983 1015; x_wconf 89' lang='lat' dir='ltr'>observationibus</span> <span class='ocrx_word' id='word_1_33' title='bbox 996 946 1079 1022; x_wconf 82' lang='lat' dir='ltr'>sine</span> 
     </span>
     <span class='ocr_line' id='line_1_6' title="bbox 69 1041 1204 1156; baseline 0.004 -24"><span class='ocrx_word' id='word_1_34' title='bbox 69 1059 169 1132; x_wconf 84' lang='lat' dir='ltr'>facili</span> <span class='ocrx_word' id='word_1_35' title='bbox 183 1059 327 1132; x_wconf 81' lang='lat' dir='ltr'>erroris</span> <span class='ocrx_word' id='word_1_36' title='bbox 342 1053 514 1156; x_wconf 88' lang='lat' dir='ltr'>periculo</span> <span class='ocrx_word' id='word_1_37' title='bbox 526 1055 702 1126; x_wconf 85' lang='lat' dir='ltr'>nitamur.</span> <span class='ocrx_word' id='word_1_38' title='bbox 720 1060 868 1130; x_wconf 88' lang='lat' dir='ltr'>Interea</span> <span class='ocrx_word' id='word_1_39' title='bbox 877 1083 969 1132; x_wconf 87' lang='lat' dir='ltr'>vero</span> <span class='ocrx_word' id='word_1_40' title='bbox 979 1061 1079 1136; x_wconf 85' lang='lat' dir='ltr'>illius</span> <span class='ocrx_word' id='word_1_41' title='bbox 1184 1041 1204 1148; x_wconf 22' lang='lat'>¹⁵</span> 
     </span>
     <span class='ocr_line' id='line_1_7' title="bbox 68 1156 1080 1274; baseline 0.002 -24"><span class='ocrx_word' id='word_1_42' title='bbox 68 1177 134 1250; x_wconf 91' lang='lat' dir='ltr'>tibi</span> <span class='ocrx_word' id='word_1_43' title='bbox 143 1176 297 1274; x_wconf 73' lang='lat' dir='ltr'>juvenis</span> <span class='ocrx_word' id='word_1_44' title='bbox 314 1174 441 1250; x_wconf 83' lang='lat' dir='ltr'>veniat</span> <span class='ocrx_word' id='word_1_45' title='bbox 455 1173 495 1242; x_wconf 88' lang='lat' dir='ltr'>in</span> <span class='ocrx_word' id='word_1_46' title='bbox 515 1156 702 1263; x_wconf 80' lang='lat' dir='ltr'>drentem,</span> <span class='ocrx_word' id='word_1_47' title='bbox 724 1199 837 1272; x_wconf 89' lang='lat' dir='ltr'>quem</span> <span class='ocrx_word' id='word_1_48' title='bbox 854 1175 894 1246; x_wconf 93' lang='lat' dir='ltr'>in</span> <span class='ocrx_word' id='word_1_49' title='bbox 914 1191 1080 1252; x_wconf 80' lang='lat' dir='ltr'>extrema</span> 
     </span>
     <span class='ocr_line' id='line_1_8' title="bbox 69 1290 1081 1403; baseline 0.001 -35"><span class='ocrx_word' id='word_1_50' title='bbox 69 1295 223 1395; x_wconf 88' lang='lat' dir='ltr'>epistola</span> <span class='ocrx_word' id='word_1_51' title='bbox 233 1298 319 1366; x_wconf 83' lang='lat' dir='ltr'>xxl</span> <span class='ocrx_word' id='word_1_52' title='bbox 333 1292 387 1392; x_wconf 80' lang='lat'>(2)</span> <span class='ocrx_word' id='word_1_53' title='bbox 400 1294 480 1366; x_wconf 88' lang='lat' dir='ltr'>sine</span> <span class='ocrx_word' id='word_1_54' title='bbox 494 1290 668 1391; x_wconf 90' lang='lat' dir='ltr'>pulsibus</span> <span class='ocrx_word' id='word_1_55' title='bbox 680 1290 879 1393; x_wconf 77' lang='lat' dir='ltr'>descripsi,</span> <span class='ocrx_word' id='word_1_56' title='bbox 890 1296 1081 1403; x_wconf 21' lang='lat' dir='ltr'>corde—au·</span> 
     </span>
     <span class='ocr_line' id='line_1_9' title="bbox 68 1411 1079 1514; baseline 0.002 -28"><span class='ocrx_word' id='word_1_57' title='bbox 68 1430 140 1487; x_wconf 83' lang='lat' dir='ltr'>tem</span> <span class='ocrx_word' id='word_1_58' title='bbox 161 1439 243 1492; x_wconf 85' lang='lat' dir='ltr'>non</span> <span class='ocrx_word' id='word_1_59' title='bbox 257 1413 384 1486; x_wconf 86' lang='lat' dir='ltr'>minus</span> <span class='ocrx_word' id='word_1_60' title='bbox 399 1435 515 1509; x_wconf 90' lang='lat' dir='ltr'>quam</span> <span class='ocrx_word' id='word_1_61' title='bbox 529 1411 569 1481; x_wconf 90' lang='lat' dir='ltr'>in</span> <span class='ocrx_word' id='word_1_62' title='bbox 584 1436 627 1484; x_wconf 93' lang='lat' dir='ltr'>ea</span> <span class='ocrx_word' id='word_1_63' title='bbox 644 1411 809 1511; x_wconf 82' lang='lat' dir='ltr'>virgine,</span> <span class='ocrx_word' id='word_1_64' title='bbox 832 1413 1079 1514; x_wconf 90' lang='lat' dir='ltr'>amplificato;</span> 
     </span>
     <span class='ocr_line' id='line_1_10' title="bbox 68 1529 1080 1634; baseline 0.005 -29"><span class='ocrx_word' id='word_1_65' title='bbox 68 1532 129 1605; x_wconf 85' lang='lat' dir='ltr'>sed</span> <span class='ocrx_word' id='word_1_66' title='bbox 145 1547 275 1605; x_wconf 85' lang='lat' dir='ltr'>tamen</span> <span class='ocrx_word' id='word_1_67' title='bbox 294 1531 373 1604; x_wconf 84' lang='lat' dir='ltr'>sine</span> <span class='ocrx_word' id='word_1_68' title='bbox 385 1529 462 1601; x_wconf 88' lang='lat' dir='ltr'>ulla</span> <span class='ocrx_word' id='word_1_69' title='bbox 480 1530 674 1630; x_wconf 83' lang='lat' dir='ltr'>sanguinis</span> <span class='ocrx_word' id='word_1_70' title='bbox 686 1532 939 1605; x_wconf 84' lang='lat' dir='ltr'>concretione.</span> <span class='ocrx_word' id='word_1_71' title='bbox 963 1537 1080 1634; x_wconf 86' lang='lat' dir='ltr'>Cujus</span> 
     </span>
     <span class='ocr_line' id='line_1_11' title="bbox 68 1645 1080 1738; baseline 0.004 -18"><span class='ocrx_word' id='word_1_72' title='bbox 68 1647 167 1724; x_wconf 83' lang='lat' dir='ltr'>fibrae</span> <span class='ocrx_word' id='word_1_73' title='bbox 185 1648 313 1723; x_wconf 88' lang='lat' dir='ltr'>cordis</span> <span class='ocrx_word' id='word_1_74' title='bbox 333 1673 421 1720; x_wconf 91' lang='lat' dir='ltr'>cum</span> <span class='ocrx_word' id='word_1_75' title='bbox 438 1661 562 1720; x_wconf 86' lang='lat' dir='ltr'>essent</span> <span class='ocrx_word' id='word_1_76' title='bbox 577 1669 723 1718; x_wconf 91' lang='lat' dir='ltr'>summa</span> <span class='ocrx_word' id='word_1_77' title='bbox 740 1645 905 1738; x_wconf 84' lang='lat' dir='ltr'>laxitate,</span> <span class='ocrx_word' id='word_1_78' title='bbox 918 1650 1080 1725; x_wconf 91' lang='lat' dir='ltr'>dubium</span> 
     </span>
     <span class='ocr_line' id='line_1_12' title="bbox 68 1765 1081 1870; baseline -0.002 -28"><span class='ocrx_word' id='word_1_79' title='bbox 68 1792 143 1842; x_wconf 86' lang='lat' dir='ltr'>esse</span> <span class='ocrx_word' id='word_1_80' title='bbox 163 1783 310 1870; x_wconf 88' lang='lat' dir='ltr'>potest,</span> <span class='ocrx_word' id='word_1_81' title='bbox 322 1792 370 1838; x_wconf 92' lang='lat' dir='ltr'>an</span> <span class='ocrx_word' id='word_1_82' title='bbox 386 1765 465 1836; x_wconf 83' lang='lat' dir='ltr'>hoec</span> <span class='ocrx_word' id='word_1_83' title='bbox 483 1765 619 1862; x_wconf 84' lang='lat' dir='ltr'>magis,</span> <span class='ocrx_word' id='word_1_84' title='bbox 636 1789 750 1862; x_wconf 88' lang='lat' dir='ltr'>quam</span> <span class='ocrx_word' id='word_1_85' title='bbox 769 1767 894 1839; x_wconf 89' lang='lat' dir='ltr'>cordis</span> <span class='ocrx_word' id='word_1_86' title='bbox 908 1771 1081 1867; x_wconf 85' lang='lat' dir='ltr'>amplitu-</span> 
     </span>
     <span class='ocr_line' id='line_1_13' title="bbox 69 1879 1081 1985; baseline 0.004 -29"><span class='ocrx_word' id='word_1_87' title='bbox 69 1885 132 1974; x_wconf 91' lang='lat' dir='ltr'>do,</span> <span class='ocrx_word' id='word_1_88' title='bbox 157 1885 379 1985; x_wconf 79' lang='lat' dir='ltr'>asphyxiam</span> <span class='ocrx_word' id='word_1_89' title='bbox 413 1879 571 1952; x_wconf 85' lang='lat' dir='ltr'>lecerit:</span> <span class='ocrx_word' id='word_1_90' title='bbox 597 1905 818 1979; x_wconf 85' lang='lat' dir='ltr'>quanquam</span> <span class='ocrx_word' id='word_1_91' title='bbox 844 1883 892 1955; x_wconf 87' lang='lat' dir='ltr'>ab</span> <span class='ocrx_word' id='word_1_92' title='bbox 918 1901 1081 1984; x_wconf 86' lang='lat' dir='ltr'>utraque</span> 
     </span>
     <span class='ocr_line' id='line_1_14' title="bbox 70 1989 1082 2100; baseline 0 -24"><span class='ocrx_word' id='word_1_93' title='bbox 70 2005 273 2100; x_wconf 89' lang='lat' dir='ltr'>conjuncta</span> <span class='ocrx_word' id='word_1_94' title='bbox 298 1989 435 2072; x_wconf 85' lang='lat' dir='ltr'>factam</span> <span class='ocrx_word' id='word_1_95' title='bbox 463 1995 596 2087; x_wconf 86' lang='lat' dir='ltr'>fnisse,</span> <span class='ocrx_word' id='word_1_96' title='bbox 621 2022 702 2069; x_wconf 91' lang='lat' dir='ltr'>non</span> <span class='ocrx_word' id='word_1_97' title='bbox 731 2000 882 2073; x_wconf 88' lang='lat' dir='ltr'>videtur</span> <span class='ocrx_word' id='word_1_98' title='bbox 909 2002 1082 2077; x_wconf 86' lang='lat' dir='ltr'>dubitan-</span> 
     </span>
     <span class='ocr_line' id='line_1_15' title="bbox 68 2117 1080 2220; baseline 0.001 -26"><span class='ocrx_word' id='word_1_99' title='bbox 68 2121 170 2194; x_wconf 88' lang='lat' dir='ltr'>dum.</span> <span class='ocrx_word' id='word_1_100' title='bbox 197 2122 258 2192; x_wconf 87' lang='lat' dir='ltr'>Sic</span> <span class='ocrx_word' id='word_1_101' title='bbox 286 2120 400 2192; x_wconf 87' lang='lat' dir='ltr'>etiam</span> <span class='ocrx_word' id='word_1_102' title='bbox 426 2117 663 2204; x_wconf 88' lang='lat' dir='ltr'>memineris,</span> <span class='ocrx_word' id='word_1_103' title='bbox 689 2117 847 2216; x_wconf 87' lang='lat' dir='ltr'>epistola</span> <span class='ocrx_word' id='word_1_104' title='bbox 872 2122 1080 2220; x_wconf 65' lang='lat' dir='ltr'>xvtlttt)</span> 
     </span>
     <span class='ocr_line' id='line_1_16' title="bbox 65 2233 1081 2339; baseline -0.001 -27"><span class='ocrx_word' id='word_1_105' title='bbox 65 2241 300 2339; x_wconf 85' lang='lat' dir='ltr'>propositam</span> <span class='ocrx_word' id='word_1_106' title='bbox 320 2233 434 2310; x_wconf 87' lang='lat' dir='ltr'>fuisse</span> <span class='ocrx_word' id='word_1_107' title='bbox 455 2235 654 2307; x_wconf 77' lang='lat' dir='ltr'>mulierem</span> <span class='ocrx_word' id='word_1_108' title='bbox 670 2234 786 2309; x_wconf 88' lang='lat' dir='ltr'>corde</span> <span class='ocrx_word' id='word_1_109' title='bbox 800 2238 903 2310; x_wconf 92' lang='lat' dir='ltr'>illam</span> <span class='ocrx_word' id='word_1_110' title='bbox 924 2241 1081 2337; x_wconf 89' lang='lat' dir='ltr'>quidem</span> 
     </span>
     <span class='ocr_line' id='line_1_17' title="bbox 65 2351 1073 2456; baseline 0.005 -29"><span class='ocrx_word' id='word_1_111' title='bbox 65 2355 313 2455; x_wconf 88' lang='lat' dir='ltr'>amplificato,</span> <span class='ocrx_word' id='word_1_112' title='bbox 339 2353 406 2428; x_wconf 90' lang='lat' dir='ltr'>sed</span> <span class='ocrx_word' id='word_1_113' title='bbox 425 2354 533 2450; x_wconf 91' lang='lat' dir='ltr'>cujus</span> <span class='ocrx_word' id='word_1_114' title='bbox 554 2351 764 2452; x_wconf 85' lang='lat' dir='ltr'>frequentis</span> <span class='ocrx_word' id='word_1_115' title='bbox 781 2357 970 2456; x_wconf 82' lang='lat' dir='ltr'>asphyxiae</span> <span class='ocrx_word' id='word_1_116' title='bbox 990 2385 1073 2432; x_wconf 88' lang='lat' dir='ltr'>cau·</span> 
     </span>
     <span class='ocr_line' id='line_1_18' title="bbox 65 2471 1075 2574; baseline 0.004 -27"><span class='ocrx_word' id='word_1_117' title='bbox 65 2499 142 2548; x_wconf 92' lang='lat' dir='ltr'>sam</span> <span class='ocrx_word' id='word_1_118' title='bbox 168 2477 255 2548; x_wconf 91' lang='lat' dir='ltr'>satis</span> <span class='ocrx_word' id='word_1_119' title='bbox 284 2480 397 2574; x_wconf 84' lang='lat' dir='ltr'>po&#39;sse</span> <span class='ocrx_word' id='word_1_120' title='bbox 427 2471 588 2572; x_wconf 83' lang='lat' dir='ltr'>intelligi</span> <span class='ocrx_word' id='word_1_121' title='bbox 613 2498 693 2544; x_wconf 91' lang='lat' dir='ltr'>non</span> <span class='ocrx_word' id='word_1_122' title='bbox 728 2476 976 2568; x_wconf 84' lang='lat' dir='ltr'>credidimus,</span> <span class='ocrx_word' id='word_1_123' title='bbox 1002 2481 1075 2553; x_wconf 88' lang='lat' dir='ltr'>nisi</span> 
     </span>
     <span class='ocr_line' id='line_1_19' title="bbox 64 2577 1074 2695; baseline 0.002 -31"><span class='ocrx_word' id='word_1_124' title='bbox 64 2594 187 2666; x_wconf 88' lang='lat' dir='ltr'>addita</span> <span class='ocrx_word' id='word_1_125' title='bbox 195 2593 562 2674; x_wconf 84' lang='lat' dir='ltr'>convulsione.Nam</span> <span class='ocrx_word' id='word_1_126' title='bbox 574 2592 643 2664; x_wconf 90' lang='lat' dir='ltr'>etsi</span> <span class='ocrx_word' id='word_1_127' title='bbox 653 2577 969 2695; x_wconf 82' lang='lat' dir='ltr'>quotiescumque</span> <span class='ocrx_word' id='word_1_128' title='bbox 980 2596 1074 2671; x_wconf 68' lang='lat' dir='ltr'>asth÷</span> 
     </span>
     <span class='ocr_line' id='line_1_20' title="bbox 67 2710 1070 2810; baseline 0.004 -27"><span class='ocrx_word' id='word_1_129' title='bbox 67 2728 181 2803; x_wconf 88' lang='lat' dir='ltr'>mate,</span> <span class='ocrx_word' id='word_1_130' title='bbox 194 2727 239 2786; x_wconf 90' lang='lat' dir='ltr'>ut</span> <span class='ocrx_word' id='word_1_131' title='bbox 253 2713 474 2800; x_wconf 88' lang='lat' dir='ltr'>videbatur,</span> <span class='ocrx_word' id='word_1_132' title='bbox 488 2710 711 2783; x_wconf 83' lang='lat' dir='ltr'>convulsivo</span> <span class='ocrx_word' id='word_1_133' title='bbox 731 2712 935 2810; x_wconf 85' lang='lat' dir='ltr'>prehensa,</span> <span class='ocrx_word' id='word_1_134' title='bbox 946 2715 990 2787; x_wconf 79' lang='lat' dir='ltr'>in</span> <span class='ocrx_word' id='word_1_135' title='bbox 999 2741 1070 2788; x_wconf 83' lang='lat' dir='ltr'>no·-</span> 
     </span>
     <span class='ocr_line' id='line_1_21' title="bbox 71 2828 1074 2932; baseline 0.006 -30"><span class='ocrx_word' id='word_1_136' title='bbox 71 2833 276 2906; x_wconf 88' lang='lat' dir='ltr'>socomium</span> <span class='ocrx_word' id='word_1_137' title='bbox 298 2828 521 2919; x_wconf 87' lang='lat' dir='ltr'>ventitabat,</span> <span class='ocrx_word' id='word_1_138' title='bbox 541 2829 674 2928; x_wconf 91' lang='lat' dir='ltr'>pulsus</span> <span class='ocrx_word' id='word_1_139' title='bbox 694 2832 841 2930; x_wconf 86' lang='lat' dir='ltr'>percipi</span> <span class='ocrx_word' id='word_1_140' title='bbox 865 2858 944 2904; x_wconf 91' lang='lat' dir='ltr'>non</span> <span class='ocrx_word' id='word_1_141' title='bbox 968 2849 1074 2932; x_wconf 85' lang='lat' dir='ltr'>pote·</span> 
     </span>
     <span class='ocr_line' id='line_1_22' title="bbox 69 2947 1075 3045; baseline -0.004 -25"><span class='ocrx_word' id='word_1_142' title='bbox 69 2966 164 3041; x_wconf 73' lang='lat' dir='ltr'>rant,</span> <span class='ocrx_word' id='word_1_143' title='bbox 182 2948 405 3023; x_wconf 87' lang='lat' dir='ltr'>credibilius</span> <span class='ocrx_word' id='word_1_144' title='bbox 418 2961 630 3035; x_wconf 88' lang='lat' dir='ltr'>esttamen,</span> <span class='ocrx_word' id='word_1_145' title='bbox 645 2947 685 3016; x_wconf 91' lang='lat' dir='ltr'>in</span> <span class='ocrx_word' id='word_1_146' title='bbox 696 2952 929 3045; x_wconf 86' lang='lat' dir='ltr'>paroxysmis</span> <span class='ocrx_word' id='word_1_147' title='bbox 943 2950 1075 3023; x_wconf 68' lang='lat' dir='ltr'>duntat</span> 
     </span>
     <span class='ocr_line' id='line_1_23' title="bbox 68 3063 1075 3167; baseline 0.003 -29"><span class='ocrx_word' id='word_1_148' title='bbox 68 3084 125 3140; x_wconf 84' lang='lat' dir='ltr'>xat</span> <span class='ocrx_word' id='word_1_149' title='bbox 139 3094 217 3142; x_wconf 88' lang='lat' dir='ltr'>non</span> <span class='ocrx_word' id='word_1_150' title='bbox 232 3092 339 3141; x_wconf 87' lang='lat' dir='ltr'>secus</span> <span class='ocrx_word' id='word_1_151' title='bbox 347 3092 390 3138; x_wconf 89' lang='lat' dir='ltr'>ac</span> <span class='ocrx_word' id='word_1_152' title='bbox 402 3065 504 3138; x_wconf 90' lang='lat' dir='ltr'>haud</span> <span class='ocrx_word' id='word_1_153' title='bbox 515 3089 602 3138; x_wconf 88' lang='lat' dir='ltr'>raro</span> <span class='ocrx_word' id='word_1_154' title='bbox 612 3063 736 3137; x_wconf 88' lang='lat' dir='ltr'>solent</span> <span class='ocrx_word' id='word_1_155' title='bbox 746 3064 952 3163; x_wconf 82' lang='lat' dir='ltr'>hystericae,</span> <span class='ocrx_word' id='word_1_156' title='bbox 959 3094 1075 3167; x_wconf 88' lang='lat' dir='ltr'>quam</span> 
     </span>
     <span class='ocr_line' id='line_1_24' title="bbox 70 3165 1075 3282; baseline 0.004 -26"><span class='ocrx_word' id='word_1_157' title='bbox 70 3165 289 3261; x_wconf 82' lang='lat' dir='ltr'>sexennium</span> <span class='ocrx_word' id='word_1_158' title='bbox 306 3184 401 3258; x_wconf 90' lang='lat' dir='ltr'>illud</span> <span class='ocrx_word' id='word_1_159' title='bbox 417 3199 542 3257; x_wconf 91' lang='lat' dir='ltr'>totum</span> <span class='ocrx_word' id='word_1_160' title='bbox 563 3184 804 3256; x_wconf 84' lang='lat' dir='ltr'>continenter</span> <span class='ocrx_word' id='word_1_161' title='bbox 819 3183 993 3282; x_wconf 88' lang='lat' dir='ltr'>pulsibus</span> <span class='ocrx_word' id='word_1_162' title='bbox 1014 3210 1075 3260; x_wconf 87' lang='lat' dir='ltr'>ca·</span> 
     </span>
     <span class='ocr_line' id='line_1_25' title="bbox 68 3300 1076 3403; baseline 0.01 -32"><span class='ocrx_word' id='word_1_163' title='bbox 68 3305 188 3377; x_wconf 87' lang='lat' dir='ltr'>ruisse.</span> <span class='ocrx_word' id='word_1_164' title='bbox 200 3307 277 3396; x_wconf 91' lang='lat' dir='ltr'>Qui</span> <span class='ocrx_word' id='word_1_165' title='bbox 285 3307 393 3377; x_wconf 89' lang='lat' dir='ltr'>enim·</span> <span class='ocrx_word' id='word_1_166' title='bbox 403 3305 797 3390; x_wconf 84' lang='lat' dir='ltr'>continentercarent,</span> <span class='ocrx_word' id='word_1_167' title='bbox 808 3300 1076 3403; x_wconf 80' lang='lat' dir='ltr'>tamdluposse</span> 
     </span>
     <span class='ocr_line' id='line_1_26' title="bbox 69 3419 1074 3524; baseline 0.012 -38"><span class='ocrx_word' id='word_1_168' title='bbox 69 3421 185 3495; x_wconf 88' lang='lat' dir='ltr'>vivere</span> <span class='ocrx_word' id='word_1_169' title='bbox 206 3447 286 3495; x_wconf 89' lang='lat' dir='ltr'>non</span> <span class='ocrx_word' id='word_1_170' title='bbox 300 3421 481 3495; x_wconf 80' lang='lat' dir='ltr'>videntur</span> <span class='ocrx_word' id='word_1_171' title='bbox 497 3422 593 3521; x_wconf 86' lang='lat' dir='ltr'>(etsi</span> <span class='ocrx_word' id='word_1_172' title='bbox 610 3419 791 3524; x_wconf 87' lang='lat' dir='ltr'>Riolanus</span> <span class='ocrx_word' id='word_1_173' title='bbox 806 3419 860 3520; x_wconf 65' lang='lat' dir='ltr'>(A)</span> <span class='ocrx_word' id='word_1_174' title='bbox 877 3419 938 3495; x_wconf 86' lang='lat' dir='ltr'>vel</span> <span class='ocrx_word' id='word_1_175' title='bbox 953 3425 1074 3499; x_wconf 89' lang='lat' dir='ltr'>multo</span> 
     </span>
    </p>
   </div>
   <div class='ocr_carea' id='block_1_3' title="bbox 140 4029 601 4112">
    <p class='ocr_par' dir='ltr' id='par_1_3' title="bbox 140 4029 601 4112">
     <span class='ocr_line' id='line_1_27' title="bbox 140 4029 601 4112; baseline -0.011 -17"><span class='ocrx_word' id='word_1_176' title='bbox 140 4034 152 4112; x_wconf 90' lang='lat'>)</span> <span class='ocrx_word' id='word_1_177' title='bbox 172 4035 309 4096; x_wconf 87' lang='lat' dir='ltr'>Encheir.</span> <span class='ocrx_word' id='word_1_178' title='bbox 325 4043 404 4092; x_wconf 85' lang='lat' dir='ltr'>anat.</span> <span class='ocrx_word' id='word_1_179' title='bbox 417 4034 437 4090; x_wconf 90' lang='lat'>1.</span> <span class='ocrx_word' id='word_1_180' title='bbox 454 4029 488 4105; x_wconf 80' lang='lat'>5,</span> <span class='ocrx_word' id='word_1_181' title='bbox 506 4051 531 4090; x_wconf 91' lang='lat' dir='ltr'>c.</span> <span class='ocrx_word' id='word_1_182' title='bbox 553 4033 601 4100; x_wconf 69' lang='lat'>46.</span> 
     </span>
    </p>
   </div>
   <div class='ocr_carea' id='block_1_4' title="bbox 0 0 1409 4664">
    <p class='ocr_par' dir='ltr' id='par_1_4' title="bbox 0 0 1409 4664">
     <span class='ocr_line' id='line_1_28' title="bbox 0 0 1409 4664; baseline 0 0"><span class='ocrx_word' id='word_1_183' title='bbox 0 0 1409 4664; x_wconf 95' lang='lat' dir='ltr'> </span> 
     </span>
    </p>
   </div>
  </div>
 </body>
</html>
