2808 4664
292 477 362 559 244
452 495 498 540 nr
524 491 668 541 surmus
694 491 737 540 rr
762 493 885 542 causrs
909 491 1118 546 uonnonura

287 610 452 708 primus,
473 605 596 679 cordis
615 630 705 678 vero
718 608 828 678 etiam
842 609 1127 704 oppressionem
1141 615 1289 703 tertius,

288 739 325 796 et
341 724 624 822 palpitationem
650 724 756 819 sequi
775 720 912 794 debere
931 723 1164 815 docuerunt,
1190 733 1290 826 posi·

288 857 326 914 ta
344 840 565 938 pericardii,
580 838 665 909 duri
675 841 877 936 praesertim
890 894 899 927 ,
913 837 960 910 ad
977 863 1043 910 cor
1057 841 1291 917 adhaesione?

287 963 422 1031 Nonne
443 957 492 1029 ob
510 956 608 1026 hanc
620 955 872 1053 pericardium
890 960 1117 1032 contractius
1130 958 1290 1050 factum,

289 1098 480 1148 annexum
505 1073 575 1146 sibi
593 1097 614 1144 a
633 1087 765 1144 natura
789 1071 1032 1172 diaphragma
1062 1100 1216 1150 sursum
1235 1104 1289 1151 re·

289 1208 450 1266 tractum
467 1206 608 1278 servat,
625 1191 781 1286 ejusque
797 1214 883 1261 cum
899 1192 1052 1290 spiritus
1062 1191 1218 1265 ducitur
1235 1195 1290 1268 de·

290 1311 523 1409 pressionem
539 1309 664 1377 minus
682 1303 826 1379 facilem
842 1307 986 1396 reddit,
1005 1308 1120 1406 idque
1142 1335 1191 1382 eo
1210 1336 1288 1382 ma-

289 1429 345 1526 gis
366 1450 442 1523 quo
470 1425 720 1523 pericardium
742 1425 866 1520 ipsum
892 1423 1023 1496 durius
1048 1442 1103 1498 est
1120 1428 1135 1496 l
1152 1434 1288 1502 Nonne

290 1543 521 1618 descendens
552 1556 676 1612 tamen
706 1556 797 1611 tunc
829 1541 1094 1642 diaphragma,
1125 1547 1289 1642 pericar-

289 1663 394 1734 dium
405 1659 728 1758 secum'rapiendo
747 1656 877 1748 efficit,
894 1674 936 1731 ut
952 1674 1044 1731 tunc
1061 1665 1182 1760 nangis
1194 1688 1215 1732 a
1228 1688 1288 1762 pe-

287 1779 449 1852 ricardio
471 1803 537 1850 cor
565 1777 866 1873 constringatur,
891 1791 928 1848 et
946 1779 999 1849 sic
1015 1778 1138 1852 multo·
1156 1777 1287 1852 diffici-

288 1898 360 1970 lius
379 1897 491 1993 hujus
509 1919 704 1967 cavearum
723 1895 900 1990 expansio
915 1891 995 1982 fiat,
1012 1894 1115 1966 unde
1133 1921 1288 1996 oppres·

288 2017 344 2088 sio
356 2057 367 2106 ,
381 2014 510 2112 pulsus
525 2012 771 2100 intermissio,
788 2025 824 2084 et
839 2010 1034 2110 palpitatio
1052 2035 1286 2112 consequan-

287 2132 378 2203 tur?
815 2114 825 2156 ⁸*
998 2212 1000 2218 7
1203 2207 1205 2212 ,

338 2252 416 2344 Ego
436 2271 528 2316 vero
551 2247 619 2318 etsi
639 2247 685 2318 de
710 2245 769 2318 his
790 2245 911 2318 tribus
930 2244 1126 2320 effectibus
1144 2245 1286 2320 facilius

290 2363 445 2436 fortasse
459 2363 642 2435 rationem
659 2363 789 2451 video,
806 2385 874 2434 cur
893 2363 1038 2461 priores
1057 2363 1154 2453 duo,
1175 2391 1286 2463 quam

293 2505 363 2554 cur
384 2482 517 2552 tertius
539 2505 692 2578 quoque
719 2482 930 2578 contingat,
950 2495 1075 2552 tamen
1103 2483 1200 2580 quid
1219 2507 1287 2581 pro

290 2599 407 2712 tertio!
433 2597 571 2694 pariter
595 2597 669 2666 dici
690 2599 824 2694 possit,
850 2621 930 2669 non
953 2599 1099 2697 ignoro.
1125 2597 1199 2670 Sed
1223 2599 1287 2670 ubi

292 2713 544 2812 frequentior,
562 2728 603 2784 ut
619 2713 801 2804 vidimus,
820 2716 1047 2815 experientia
1059 2714 1287 2813 refragatur,

189 2897 191 2903 ,
292 2855 566 2929 supervacuum
593 2855 671 2904 esse
698 2832 820 2918 duco,
849 2847 891 2904 ut
917 2829 1126 2905 rationibus
1153 2835 1286 2904 exami-

290 2950 426 3022 nandis
440 2953 696 3020 immoremur.
717 2953 773 3021 An
791 2951 917 3048 potius
930 2966 1038 3024 antea
1056 2949 1287 3022 consideran·

292 3068 383 3138 dum
394 3081 467 3152 est,
485 3090 577 3138 num
596 3089 725 3136 revera
740 3067 781 3134 in
797 3067 842 3156 iis
862 3061 1041 3139 omnibus
1057 3067 1287 3140 observatio-

291 3183 405 3254 nibus
418 3183 612 3278 palpitatio
634 3179 813 3270 defuerit,
833 3183 872 3254 iu
894 3181 1031 3280 quibus
1049 3175 1202 3257 nonest
1222 3207 1285 3254 no·

293 3300 432 3370 minata
443 3299 457 3367 ?
467 3299 538 3369 Alii
551 3300 650 3371 enim
663 3317 731 3395 per
743 3295 924 3370 incuriam
936 3303 1124 3387 omittere,
1135 3303 1199 3372 alii
1211 3326 1286 3372 non

293 3415 587 3488 animadvertere
602 3413 826 3512 potuerunt,
841 3441 966 3514 neque
982 3418 1021 3488 hi
1034 3418 1084 3489 ob
1098 3419 1286 3516 negligen-

293 3534 382 3604 tiam
401 3548 567 3632 tantum,
587 3557 718 3604 verum
737 3535 846 3604 etiam
863 3531 1025 3632 propter
1035 3559 1118 3606 eam
1141 3559 1285 3608 causam

295 3677 377 3749 quae
394 3648 441 3723 ad
462 3638 760 3721 observationem
778 3652 979 3748 quamdam
1003 3653 1074 3749 (1)
1092 3653 1132 3723 in
1157 3654 1284 3726 sectio·

332 4019 376 4096 (1)
399 4020 433 4077 16
444 4020 477 4076 in
491 4021 580 4077 schola
