2800 4674
304 409 351 480 80
462 430 508 476 ou
534 426 679 476 seorsus
704 427 748 474 nr
773 423 895 474 causis
920 425 1129 475 nonnosum

301 551 384 616 Haec
409 557 551 629 crusta,
582 540 720 638 duplex
740 539 888 628 saltem,
907 538 1077 636 undique
1098 527 1307 616 conclude-

301 662 365 734 bat
375 715 385 750 ,
396 658 596 734 subviridis
608 659 646 727 in
662 657 849 756 plerisque
861 709 870 745 ‚
881 657 921 726 in
936 658 1128 730 nonnullis
1137 683 1182 732 ex
1195 676 1306 760 parte

300 779 394 860 alba.
413 783 554 848 Omnes
571 774 757 846 flammam
771 774 885 850 semel
900 790 1123 874 conceptam
1141 775 1306 867 alebant,

301 872 338 968 et
358 911 452 966 tunc
474 892 631 980 subinde
654 892 726 966 levi
755 916 841 963 cum
865 894 1010 990 crepitu
1038 893 1301 968 scintillabant.

299 1018 380 1084 Ren
402 1012 532 1083 dexter
559 1009 665 1082 valde
691 1009 804 1081 laxus.
832 1011 984 1083 Arteria
1009 1023 1121 1082 aortae
1142 1025 1305 1085 truncus

299 1145 381 1203 tum
394 1113 432 1198 in
445 1141 686 1215 ventre,tum
702 1125 790 1198 inde
809 1144 877 1223 per
894 1126 1087 1199 thoracem
1104 1127 1152 1198 ad,
1171 1152 1302 1200 curva·

211 1259 213 1264 ’
299 1261 423 1318 turam
442 1269 562 1342 usque
582 1244 776 1341 angustior
791 1245 891 1315 visus
909 1268 981 1343 pro
1001 1244 1190 1342 corporis,
1208 1244 1303 1317 alio-

299 1364 366 1461 qui
382 1387 460 1433 non
473 1363 598 1460 parvi,
616 1375 653 1432 et
666 1360 935 1459 plerorumque
954 1363 1140 1434 viscerum
1154 1365 1303 1460 magni·

299 1479 441 1552 tudine.
459 1483 580 1576 Caput
598 1501 676 1549 non
695 1479 895 1576 attigimus.

349 1598 404 1695 37.
421 1598 562 1688 Pleurae
575 1597 756 1691 majorem
769 1596 957 1668 laesionem
970 1619 1083 1694 quam
1091 1597 1131 1666 iu
1141 1596 1213 1668 hac
1226 1596 1303 1669 his-

298 1715 418 1803 toria,
444 1713 617 1786 consulto
643 1713 684 1782 in
713 1728 945 1811 postremum
977 1713 1104 1786 locum
1132 1729 1320 1804 servata,

295 1831 391 1906 mihi
405 1830 558 1929 quidem
571 1833 611 1901 in
628 1829 1159 1931 thoracisinilammationibus
1172 1832 1300 1906 videre

295 1973 376 2020 non
393 1948 558 2046 contigit.
579 1951 846 2020 Verumtamen
856 1947 1047 2038 credisne,
1059 1947 1162 2020 hunc
1174 1950 1301 2046 ipsum

293 2067 475 2162 juvenem
486 2064 537 2135 oh
549 2059 667 2153 illam,
686 2089 733 2136 an
746 2063 796 2136 ob
808 2065 1054 2160 conjunctum
1069 2065 1299 2163 pulmonum

296 2182 475 2254 morbum
497 2181 708 2265 interiisse?
733 2185 843 2253 Nunc
864 2183 896 2253 si
918 2195 1064 2254 nostras
1088 2207 1239 2273 omnes,
1262 2197 1301 2256 et

296 2299 472 2372 Valsalvae
485 2297 764 2370 observationes
777 2299 964 2396 relegeris,
976 2314 1012 2372 et
1023 2324 1109 2372 cum
1120 2299 1300 2373 aliisalio·

296 2441 405 2503 rum,
431 2438 528 2514 quos
553 2412 649 2484 infra
677 2415 974 2506 nominabimus,
999 2433 1080 2488 tum
1107 2433 1300 2510 veterum,

294 2549 376 2605 tum
394 2533 601 2604 recentium
617 2531 852 2604 medicorum
871 2535 1094 2625 contuleris;
1113 2532 1221 2607 facile
1240 2537 1299 2608 in-

266 2739 269 2742 ·
295 2650 459 2750 telliges,
481 2649 592 2746 longe
620 2650 825 2748 proclivius
849 2651 960 2725 nobis
978 2677 1058 2726 esse
1086 2653 1141 2750 (si
1158 2646 1298 2726 alte'ru-

231 2825 233 2830 .
294 2783 397 2840 trum
411 2768 567 2845 omniuo
580 2769 687 2864 sequi
702 2793 854 2854 necesse
866 2765 988 2866 foret)
1007 2795 1139 2841 eorum
1153 2787 1299 2846 senten-

294 2886 352 2957 tiae
371 2885 607 2984 adstipulari,
626 2887 692 2984 qui
707 2886 882 2959 lethalem
901 2887 1141 2986 pleuritidem
1158 2889 1298 2962 docent

293 3003 428 3077 insola
448 3003 657 3102 pulmonis,
673 3003 713 3075 id
736 3005 840 3101 quod
860 3029 955 3102 saepe
976 3005 1154 3094 vidimus,
1180 3031 1296 3104 quam

294 3146 426 3193 eorum
451 3122 518 3219 qui
540 3123 644 3191 aiunt
667 3122 707 3190 in
733 3120 810 3192 sola
831 3122 986 3219 pleurae,
1008 3123 1046 3192 id
1069 3122 1174 3220 quod
1198 3134 1319 3204 nun·'

293 3263 408 3334 quam
423 3237 760 3336 deprehendimus,
773 3236 1066 3312 inflammatione
1079 3241 1293 3314 consistere.

266 3434 269 3440 ¹
293 3348 340 3425 Et
357 3353 492 3427 diserte
506 3354 659 3452 quidem
677 3356 943 3452 Hippocrates,
964 3368 1005 3427 ut
1027 3361 1296 3454 Praxagoram,

291 3473 557 3571 Herophilum,
582 3488 619 3544 et
641 3469 893 3570 antiquiorem
916 3473 1040 3547 forsan
1065 3477 1295 3573 Hippocrate

292 3590 568 3690 Euriphontem
589 3590 786 3680 Gnidium,
807 3607 919 3688 atque
943 3593 1034 3663 alios
1056 3608 1295 3689 praeteream,

261 3731 262 3734 ’
292 3733 388 3805 quos
405 3709 537 3780 Caelius
552 3709 773 3781 Aurelianus
786 3709 853 3806 (1),
870 3732 1170 3807 eorumquoque
1187 3713 1296 3782 ratio·

331 3968 374 4049 (1)
395 3971 482 4029 Acut.
495 3987 574 4047 pass.
586 3971 606 4027 1.
619 3987 651 4042 a,
665 3990 689 4027 c.
706 3970 751 4025 16.
