2800 4674
306 429 372 500 170
465 427 511 472 DE
538 425 684 474 SEDIBUS
708 426 752 470 ET
778 425 901 472 CAUSIS
927 425 1137 486 MORBORUM

305 542 446 628 cuncti,
462 565 522 612 me
535 539 713 626 invitum,
730 553 767 612 et
785 537 882 610 nihil
895 541 1203 638 promittentem,
1224 537 1309 612 alie·

304 685 360 730 iia
380 658 557 754 obsequi,
573 658 759 730 voluntati
780 683 861 730 non
880 672 956 730 tani
977 673 1021 730 ut
1042 681 1183 756 agrum
1206 682 1309 732 cura·

302 801 404 863 rein,
420 799 534 874 quam
556 800 604 847 ne
627 774 849 848 desererem.
873 781 959 848 Erat
979 775 1041 848 hic
1063 791 1307 864 extenuatus,

304 892 541 990 infirmisque
563 892 638 988 jam
663 891 824 981 viribus,
845 910 882 966 et
905 918 1040 966 somno
1062 877 1172 966 breii
1199 909 1307 991 atque

194 1049 196 1052 ·
303 1013 527 1107 interrupto.
545 1014 685 1082 Tamen
702 1034 789 1082 cum
802 1009 960 1098 febrem,
968 1012 1097 1084 saltem
1111 1011 1308 1098 assiduam,

306 1126 436 1198 abesse
452 1125 641 1215 riderem,
659 1131 763 1224 rejici
774 1143 898 1200 autem
914 1144 1170 1228 perrpatam,
1191 1145 1235 1199 ut
1247 1132 1307 1200 Ae·

306 1246 380 1317 tius
407 1246 577 1342 loquitur
598 1245 666 1342 (i),
675 1247 885 1344 purulenta
894 1272 1048 1345 pauca,
1070 1271 1115 1318 ac
1134 1265 1307 1335 cruenta,
1390 1331 1391 1350 χ

307 1389 429 1460 neque
443 1363 532 1433 alibi
549 1389 693 1435 sensam
704 1363 847 1437 doloris
861 1368 1058 1458 mariffestc
1066 1372 1218 1463 percipi
1226 1421 1236 1455 ,
1245 1367 1310 1438 nisi

298 1485 418 1578 juxta
434 1481 690 1553 exulceratam
707 1507 846 1581 asperae
870 1487 1011 1555 arteria
1032 1483 1179 1569 locam,
1203 1484 1244 1554 id
1260 1497 1309 1556 est

307 1599 421 1697 paulo
434 1595 530 1670 infra
546 1599 738 1698 laiyngem
756 1628 763 1670 :
783 1627 948 1698 ciimqiie
969 1627 1013 1672 ex
1035 1600 1219 1674 omnibus
1233 1626 1308 1698 qua
1391 1651 1392 1680 ,

308 1715 475 1790 adhibita
491 1714 659 1805 fuerant,
682 1719 825 1790 auxiliis
845 1719 923 1790 duo
939 1718 1082 1815 aliquiil
1107 1718 1307 1792 contulisse

308 1835 538 1922 invenirem,
564 1861 646 1932 quae
667 1836 712 1906 ad
734 1860 777 1908 ea
805 1836 930 1908 ulcera
957 1835 1005 1906 ab
1026 1836 1135 1908 Aetio
1155 1836 1220 1932 (α)
1239 1835 1308 1906 lau·

310 1952 472 2040 dantur,
490 1959 678 2026 arteriaca
695 1953 877 2024 videlicet
893 1955 960 2024 rab
985 1953 1113 2048 lingua
1138 1953 1305 2035 detenta,

307 2086 350 2144 at
357 2069 552 2168 paulatim
568 2070 789 2168 l',iquefacta
812 2078 851 2142 i'a
871 2096 1045 2186 asperam
1056 2076 1237 2142 arteriam
1249 2067 1306 2140 de·

308 2189 506 2274 labantur,
526 2204 565 2258 ct
581 2188 784 2258 exlii'bitam
803 2189 862 2260 lac
880 2187 1047 2286 quotidie
1071 2211 1199 2258 recens
1216 2183 1305 2260 mal-

307 2321 383 2376 tam
399 2307 449 2376 ab
465 2305 638 2396 adstante
654 2305 778 2376 adhuc
794 2305 970 2392 ani'mali,·
999 2329 1103 2402 spem
1121 2305 1303 2402 aliquam,

307 2421 372 2494 sed
389 2423 561 2510 tacitam,
587 2420 713 2494 fovere
731 2423 847 2520 coepi,
870 2438 907 2494 et
932 2424 1118 2495 rationein
1143 2445 1307 2520 quaerere

307 2536 511 2628 efficiendi,
528 2553 571 2612 ut
588 2565 668 2637 quae
685 2539 861 2610 nonnihil
880 2539 1123 2639 profuerant,
1144 2565 1189 2612 ea
1206 2540 1309 2614 deni·
1393 2597 1395 2604 Α

306 2681 381 2754 que
398 2673 653 2756 persanarent.
670 2659 736 2729 Usi
755 2672 861 2730 erant
876 2657 1073 2730 trochiscis
1084 2658 1309 2754 ,qiiiinore
1393 2707 1394 2710 ,

306 2775 562 2872 liquarentur,
578 2801 623 2849 ex
641 2774 837 2872 speciebus
856 2771 1312 2905 diatragacanthifrigidi,

308 2907 344 2963 et
363 2891 477 2976 lacte,
494 2907 536 2963 ut
553 2893 696 2964 dietum
723 2907 796 2980 est,
823 2893 987 2978 asinino,
1013 2855 1115 2962 unde
1138 2892 1312 2989 punctio·

306 3037 399 3082 nuni
417 3013 458 3081 in
475 3035 606 3108 aspera
626 3011 760 3082 arteria
776 3033 906 3082 sensus
919 3023 1011 3082 tuiic
1028 3032 1115 3082 cum
1131 3009 1195 3082 illa
1209 3007 1311 3080 adhi-

225 3189 227 3193 .
306 3130 509 3218 berentur,
525 3128 806 3225 propemodum
819 3126 987 3200 sublatus
1008 3124 1146 3214 luerat,
1164 3141 1202 3198 et
1216 3126 1312 3198 vires

308 3272 394 3320 cum
413 3272 548 3318 somno
562 3245 738 3317 nonnihil
752 3261 877 3318 aucta.
895 3250 988 3318 Cum
1006 3268 1232 3343 quaererem,
1247 3267 1313 3314 cur

306 3365 470 3461 igiturin
489 3389 620 3436 eorum
637 3365 1009 3461 quaejuverant,·usu
1029 3387 1109 3434 non
1130 3361 1311 3459 perstitis-

307 3495 380 3568 set,
402 3506 422 3550 a
443 3479 638 3554 trochiscis
665 3481 821 3578 quidem
843 3479 926 3552 laedi
953 3479 1025 3551 sihi
1053 3477 1312 3564 stomachum,

305 3597 521 3695 respondit,
539 3598 668 3672 alacte
681 3622 778 3670 ¹vero
798 3623 883 3670 cum
899 3597 1068 3696 primum
1085 3621 1129 3668 ea
1146 3593 1312 3692 praestari

345 3883 389 3962 (ι)
411 3887 445 3943 C.
464 3885 501 3950 64
515 3885 565 3941 cit.

343 3983 388 4061 (a)
408 3983 486 4041 lbid.

1393 2779 1395 2828 l
