2800 4674
142 515 211 564 ma.
238 513 278 564 11.
307 517 354 564 nr
379 513 520 592 nonus.
541 513 737 584 ruoaacrs,
763 503 874 568 amer.
896 521 968 570 xxi.
1002 497 1066 570 105

72 624 239 700 auditore
258 629 349 700 olim
366 645 514 718 nostro,
533 655 636 702 nunc
652 629 795 730 collega
814 613 1071 724 meritissimo,

71 771 90 818 a
109 771 184 844 quo
199 770 284 816 uno
303 746 471 845 plurimae
491 747 618 836 docte,
632 762 675 819 ut
690 748 802 834 solet,
822 765 1071 847 accurateque

71 865 270 962 propositae
298 878 394 936 sunt.
426 853 567 936 Verum
596 860 682 938 ideo
707 868 1071 959 commemorabam,

73 982 171 1078 quod
199 1005 324 1053 sermo
344 981 391 1053 de
416 981 617 1080 pleuritide
635 995 713 1054 erat
739 1007 782 1054 eo
800 983 859 1054 die
880 986 915 1056 in
944 988 1071 1057 acade-

70 1100 138 1169 mia
155 1099 350 1171 institutus
367 1097 417 1169 ob
442 1097 583 1168 litteras
600 1124 621 1170 a
642 1102 886 1172 Cremonensi
908 1103 1071 1193 medico,

72 1215 156 1285 dum
172 1217 336 1304 viveret,
351 1216 690 1313 experientissimo,
703 1217 776 1315 vqui
793 1219 1072 1316 condiscipulus

70 1355 171 1406 meus
193 1331 338 1422 fuerat,
361 1333 506 1430 Ignatio
533 1331 705 1405 Pedratto
730 1334 777 1406 ad
794 1359 854 1406 me
880 1335 1003 1424 datas,
1032 1339 1072 1408 in

73 1450 208 1546 quibus
232 1451 461 1522 verminosas
490 1450 707 1547 pleuritides
725 1475 868 1524 summa
887 1476 975 1532 cura
994 1455 1074 1526 des·

78 1567 262 1653 cribebat,
286 1593 368 1665 quae
397 1564 530 1664 hyeme
560 1570 649 1639 anni
676 1569 766 1668 1705
793 1555 978 1660 Farnesii,
1008 1573 1075 1643 ubi
1110 1591 1111 1596 ’

73 1684 251 1756 tunc-ille
274 1684 499 1756 medicinam
529 1683 703 1772 faciebat,
735 1688 774 1757 in
802 1713 920 1785 eaque
941 1689 1077 1760 vicinia

75 1801 279 1897 epidemice
290 1801 562 1899 grassabantur.
577 1807 627 1873 Ut
643 1805 758 1897 igitur
772 1821 986 1900 appareret,
1000 1807 1075 1902 pri-

73 1941 176 1988 mum
194 1918 347 2015 quidem
366 1943 386 1988 a
405 1918 598 1988 vermibus
615 1915 746 1987 inlerri
760 1920 963 2014 aliquando
976 1922 1077 2018 pleu-

71 2034 190 2106 ritidis
205 2033 490 2131 similitudinem
496 2087 507 2119 ,
520 2060 617 2130 quae,
629 2033 661 2130 ej
667 2035 970 2122 ectisvermibus,
986 2062 1075 2107 con-

71 2153 455 2256 tinuolevanesceret3
472 2151 616 2222 'delude
639 2165 781 2237 autem,
807 2177 930 2224 veram
957 2155 1077 2252 ipsam

72 2267 466 2364 pleuripneumoniam
489 2268 680 2340 interdum
707 2267 806 2357 lieri,
835 2251 1002 2368 si'po'rro
1023 2271 1076 2342 illi

70 2384 218 2454 irritare
233 2401 454 2483 pergerent,
470 2400 506 2456 et
523 2387 574 2456 sie
592 2385 639 2456 ad
660 2383 852 2457 thoracem
868 2371 947 2460 nou
964 2373 1075 2486 vapo-

73 2525 136 2571 res*
147 2503 274 2572 nescio
292 2504 376 2599 qui,
394 2502 459 2574 sed
475 2517 689 2574 constantes
703 2504 944 2600 spasmodicae
960 2531 1075 2576 mem-

75 2615 277 2689 branarum
294 2621 508 2717 crispaturae
521 2621 824 2709 traducerentur,
842 2647 923 2718 quae
935 2625 1078 2722 sangui-

75 2757 159 2804 nem
176 2735 360 2834 denique,
381 2740 585 2835 praesertim
601 2735 767 2827 lentum,
782 2739 822 2808 in
838 2739 1077 2810 vasculorum

79 2843 252 2949 angustiis
272 2856 493 2944 retinerent,
505 2857 629 2927 visum
645 2869 717 2943 est,
736 2869 779 2927 ut
792 2854 866 2926 hoe
883 2856 1017 2927 licebat
1033 2883 1078 2928 er

79 2971 290 3042 recentibus
312 2952 475 3042 Pediatti
500 2971 825 3045 observationibus
846 2972 1078 3069 intelligere,

82 3084 130 3153 sic
148 3087 243 3158 illud
262 3113 415 3186 quoque
435 3090 576 3160 recenti
598 3115 679 3160 mea
699 3088 962 3162 observatione
983 3113 1085 3170 con
1115 3085 1117 3090 ’

84 3195 239 3274 firmare.

127 3323 182 3405 44.
202 3322 390 3410 Quoniam
407 3323 549 3392 veroin
563 3319 959 3420 Sepulchretonullam
977 3323 1080 3395 inve-

84 3433 143 3504 nio
167 3437 445 3527 dissentionem,
479 3463 562 3536 quae
585 3441 625 3509 in
647 3439 846 3537 pleuritide
867 3444 1079 3514 verminosa

84 3555 266 3643 ostendat,
284 3580 412 3626 revera
429 3581 537 3652 posse
552 3555 717 3627 thoracis
735 3557 914 3628 interiora
932 3559 1079 3629 inflam-

87 3672 192 3759 mari,
203 3697 289 3742 cum
303 3699 352 3744 eae
363 3699 445 3771 quae
458 3699 503 3745 ex
514 3677 752 3765 Quercetano
763 3672 1083 3772 proferuntur(1)','

90 3879 1085 3907 maa—..m

59 4033 67 4044 ’
126 4035 167 4114 (1)
186 4044 258 4102 Obs.
276 4047 328 4116 38,
343 4045 434 4120 paulo
446 4054 513 4101 ante
526 4047 576 4102 cit.
591 4059 621 4105 et
633 4047 724 4104 schol.
741 4047 778 4102 ad
787 4045 882 4102 eamd.
896 4045 926 4100 in
939 4043 990 4102 fin.
