2824 4668
291 393 363 482 att
433 420 500 480 ‚ne
526 417 672 471 sumnus
697 421 741 468 m
766 419 890 472 ciuus
916 421 1126 476 uuuuoauu

291 530 410 604 fateor
425 538 463 607 in
478 547 578 608 stata
606 558 631 602 a
652 532 821 608 naturali
833 558 976 630 parum
999 534 1203 618 recedente.
1230 533 1301 610 Sed

292 675 378 731 cum
402 651 564 730 multum
583 649 630 725 ab
649 649 723 725 hoc
745 651 907 739 recedit,
940 675 1190 750 nunquamne
1226 653 1300 726 dis-

289 769 412 866 tingui
424 782 605 865 poterunt
617 767 631 838 Ρ
644 768 680 840 si
697 781 821 846 autem
838 783 1038 865 poterunt,
1052 769 1299 867 quotandem

256 912 258 923 ¹
287 887 443 968 nomine
468 899 561 966 ,tunc
589 884 718 960 volent
752 885 790 962 id
820 885 900 962 vitii
931 909 1051 984 genus
1084 887 1298 987 appellari?

288 1002 621 1101 quandoquidem,
642 1002 681 1072 id
702 1001 807 1100 quod
826 1005 1027 1082 necessitas
1043 985 1206 1103 cogebat
1217 1005 1298 1078 nul·

286 1122 320 1196 la
337 1177 347 1210 ‚
363 1120 562 1199 celeritatis
577 1134 613 1190 et
632 1117 869 1216 frequentiae,
888 1121 1071 1198 tarditatis
1083 1137 1120 1194 et
1133 1124 1297 1197 raritatis

285 1237 489 1324 uocabula,
513 1237 614 1334 apud
639 1252 785 1312 veteres
805 1239 993 1335 sapienter
1009 1239 1193 1326 discreta,
1218 1243 1294 1336 jam

284 1381 355 1440 neu
373 1356 608 1452 promiscue,
620 1377 698 1429 non
709 1354 896 1452 probante
906 1355 1047 1432 Sthalio
1062 1356 1075 1448 (
1082 1357 1135 1452 ι),
1157 1355 1293 1432 coufu-

285 1474 432 1554 derunt.
453 1479 561 1550 Certe
581 1471 682 1571 apud
699 1498 764 1548 eos
782 1473 993 1548 videbimus
1010 1478 1223 1572 pugnantia
1237 1476 1293 1548 lo·

283 1593 372 1690 qui,
397 1595 426 1666 si
454 1592 687 1670 celeritatem
708 1594 1060 1715 cunjunctam-*cum
1081 1594 1236 1667 raritate
1254 1594 1293 1666 in

280 1735 465 1808 aegrorum
487 1708 660 1807 pulsibus
683 1733 755 1786 noe
775 1711 967 1784 invenisse
984 1708 1165 1784 dicemus.
1193 1711 1290 1782 Inci-

279 1829 334 1908 dit
355 1829 393 1906 id
415 1827 504 1904 alius
524 1851 700 1925 quuqrte3
727 1825 792 1901 sed
811 1851 1008 1924 nunquam
1027 1829 1147 1924 magis
1172 1851 1288 1926 quam

278 1947 317 2026 in
336 1945 575 2031 adolescente
594 1945 633 2018 in
650 1967 726 2041 quo
739 1968 819 2018 uon
838 1967 1013 2042 magnam
1028 1944 1215 2042 pulsuum
1231 1970 1287 2020 ra·

278 2065 443 2151 nitatem,
460 2064 662 2142 maximam
678 2076 804 2140 autem
828 2061 1057 2138 celeritatem
1073 2061 1286 2160 depreben-

277 2181 600 2260 dinumeraret
628 2179 702 2256 illis
732 2177 1031 2274 quicauuabem
1062 2181 1287 2266 carminum,

275 2296 613 2395 hypochoudriaco
634 2297 769 2394 quevis
795 2295 980 2388 timidior,
1000 2296 1064 2370 aed
1086 2295 1281 2374 robustus:

273 2413 438 2496 cubabat
463 2429 589 2490 autem
615 2413 665 2488 ob
693 2413 859 2490 thoracis
881 2411 1222 2491 inflammationem
1242 2419 1281 2492 iu

272 2533 501 2614 aunonensi
517 2534 739 2608 nosocomio
768 2535 801 2608 S.
829 2532 954 2606 Mariae
973 2531 1021 2606 de
1043 2547 1191 2623 morte,
1218 2561 1279 2610 au⁴

271 2677 325 2730 nc
336 2649 441 2749 1705,
456 2651 554 2726 maio
565 2651 731 2726 ineunte.
743 2653 814 2724 Ter
830 2650 965 2725 missus
981 2647 1103 2726 fuerat
1115 2655 1280 2750 tangitis,

270 2795 382 2869 quem
402 2794 480 2846 non
498 2767 613 2846 trude
627 2767 706 2844 siue
720 2781 865 2856 crtum,
884 2764 1161 2846 seddifficileet
1173 2771 1279 2846 tarde

270 2901 599 2990 concrescentem,
615 2909 701 2962 eum
721 2883 852 2960 saltem
871 2886 939 2982 qui
964 2885 1132 2962 secundo
1150 2890 1280 2962 mitte-

268 3007 399 3092 batur,
414 3003 526 3081 fuisse
538 3002 705 3078 memini.
723 3006 839 3099 sputa
848 3001 1019 3080 secundo
1031 3019 1068 3078 et
1084 3005 1201 3080 tertie
1220 3005 1279 3080 die

269 3123 493 3221 sanguinea,
511 3119 647 3195 deinde
666 3119 792 3208 nulia,
804 3135 869 3196 aut
881 3117 959 3194 fere
972 3120 1095 3208 nulla3
1112 3121 1179 3196 scd
1190 3148 1280 3196 nuc·

267 3241 372 3318 turni
389 3238 548 3315 sudores
568 3236 712 3324 crebri,
731 3237 884 3314 inutiles
905 3238 1096 3334 primum,
1123 3253 1162 3315 at
1180 3242 1282 3316 circa

266 3357 366 3434 diem
396 3355 586 3432 decimum
614 3369 652 3430 et
674 3352 919 3431 terdecimum
946 3355 1059 3430 utiles
1087 3355 1205 3443 adeo,
1238 3373 1281 3430 ut

264 3474 395 3574 pulsus
418 3473 486 3570 qui
505 3469 645 3562 ,vibrati
670 3487 707 3546 et
733 3468 1080 3568 frequentestalde
1101 3469 1276 3566 merant,

263 3607 305 3663 ut
321 3605 432 3670 acuta
447 3587 563 3667 febris
581 3587 817 3685 requirebat,
835 3587 1039 3664 undecimo
1057 3589 1123 3668 die
1138 3589 1215 3667 bac
1234 3591 1275 3666 fi-

300 3967 343 4044 (1)
364 3971 468 4038 Excut.
484 3988 561 4044 resp.
576 3971 678 4027 Exam.
692 3971 771 4046 pult.
790 3972 843 4028 cel.
856 3981 887 4029 et
898 3970 995 4047 frequ.
1007 3989 1034 4028 c.
1049 3978 1079 4040 I..
