2816 4668
108 474 175 520 nm.
202 455 318 526 'unus
344 469 479 520 uousrs
504 457 702 532 rnoascrs',
726 473 838 518 emsr.
867 473 963 518 xxvr.
992 447 1064 546 459

55 601 230 658 secutum
251 567 442 674 arbitror,
466 585 535 682 qui
563 585 603 656 in
630 582 760 670 nulla,
789 583 895 684 quod
920 585 1064 672 sciam,

54 703 220 778 Plinium
249 703 551 778 memoraverim.
581 705 690 776 Hunc
716 715 840 776 autem
864 702 986 802 ipsum
1003 701 1066 776 illa

55 846 142 918 quse
167 821 425 919 protulimus,
455 804 694 920 Hippocratis
727 818 843 892 verba
879 833 1065 920 spectasse

53 954 185 1012 censet
215 938 508 1036 Dalechampius
534 937 638 1035 (1),
667 961 754 1008 cum
783 937 858 1008 alio
891 935 1066 1010 videlicet

51 1058 141 1132 loeo
154 1055 208 1154 (a)
222 1056 387 1156 scripsit,
405 1060 677 1155 Hippocratem
692 1053 842 1128 tradere
853 1079 931 1126 non
939 1079 1066 1154 pren·

54 1173 225 1250 dentium
241 1189 332 1246 exte
348 1171 503 1248 celerans
524 1197 736 1272 senescere,
759 1155 834 1246 hoc
860 1173 961 1244 enim
982 1195 1066 1244 ver-

53 1289 1063 1390 bumsicinterpretatur,doloreproecordiatorqueri,

59 1409 174 1486 venet
194 1417 381 1508 suspensis
403 1413 607 1484 visceribus.
630 1412 763 1508 Neque
789 1409 860 1482 alia
878 1408 1066 1484 Thevartii

56 1530 246 1604 sententia
266 1544 321 1602 est
338 1531 377 1600 in
393 1527 703 1602 adnotationibus
712 1527 759 1596 ad
773 1525 966 1626 quoddam
982 1525 1066 1600 Bal-

54 1645 151 1727 lonii
166 1645 366 1718 consilium
375 1644 442 1740 (3);
455 1645 526 1716 nisi
537 1642 644 1742 quod
656 1667 727 1740 pro
739 1665 925 1716 senescere
940 1656 1068 1716 censet

45 1762 220 1862 pendere
244 1778 284 1834 et
305 1785 530 1834 succrescere
554 1785 634 1834 esse
665 1759 878 1857 legendum.
910 1757 1010 1854 Quid
1038 1759 1068 1830 si

54 1879 134 1952 huc
159 1878 211 1952 ibi
233 1904 312 1950 non
338 1880 561 1976 respexisset
585 1878 758 1950 Plinius?
785 1875 857 1950 Sed
873 1875 921 1948 ad
939 1875 1068 1954 locum

55 2021 104 2069 ex
121 1995 219 2068 libro
237 2001 280 2068 II.
297 1993 345 2066 de
359 2000 485 2068 Dicetu
498 1997 570 2093 (4),
587 1995 654 2070 ubi
670 1997 853 2093 scriptum
869 2008 941 2068 est:
956 1990 1072 2068 semet
1099 2061 1101 2066 ,

57 2120 97 2186 in
121 2112 185 2184 die
216 2115 337 2188 cibum
359 2137 492 2209 cupere
513 2127 709 2187 attenuare
739 2127 775 2188 et
792 2117 950 2195 siccare,
955 2161 1066 2184 .........

50 2229 266 2328 prandium
297 2244 420 2304 autem
452 2236 646 2306 contraria
664 2233 829 2326 facere,
864 2231 995 2329 sicque
1027 2229 1067 2302 in

59 2346 182 2419 Plinio
207 2347 494 2422 rescribendum
522 2363 618 2422 esset
639 2349 865 2426 siccescere?
885 2345 1009 2440 Quid,
1037 2347 1067 2420 si

60 2459 140 2534 iere
159 2463 263 2536 nulla
286 2466 495 2540 mutatione
511 2491 702 2540 sanescere
718 2467 732 2535 i
746 2470 946 2564 spectante
963 2463 1067 2538 vide·

58 2579 149 2650 licet
175 2581 296 2654 Plinio
321 2581 434 2654 alium
465 2583 630 2680 aliquem
655 2584 894 2682 Hippocratis
916 2584 1067 2672 locum,

55 2699 329 2794 quem‘omitto
346 2724 535 2797 quaerere,
557 2725 644 2774 cam
662 2703 844 2776 sententia
861 2700 988 2788 Plinii,
1017 2698 1067 2772 ob

60 2815 177 2911 hujus
203 2817 407 2892 verborum
433 2819 473 2890 in
505 2843 551 2890 eo
576 2821 696 2916 capite
724 2819 1067 2917 depravationem,

56 2935 187 3006 minus
206 2935 298 3008 mihi
313 2935 468 3034 quidem
486 2939 705 3032 perspicua,
720 2951 757 3008 et
770 2951 871 3006 certa
886 2934 1067 3004 videatur.

59 3055 254 3126 Sententia
273 3069 398 3126 autem
420 3053 660 3149 Hippocratis
686 3053 725 3122 in
748 3049 813 3123 illo
832 3051 958 3148 priore
983 3049 1070 3124 loco
1140 3056 1144 3066 '

61 3151 218 3244 minime
232 3169 382 3242 videtur
398 3169 581 3256 obscura3
596 3169 744 3244 tametsi
761 3165 863 3242 aliud
878 3167 939 3240 alii
955 3168 1070 3268 inter·

61 3302 188 3386 preses
215 3285 376 3360 voluisse
395 3287 698 3362 existimaverint.
724 3286 944 3362 Franciscus
968 3286 1085 3362 enim,
