<?xml version="1.0" encoding="UTF-8"?>
<!DOCTYPE html PUBLIC "-//W3C//DTD XHTML 1.0 Transitional//EN"
    "http://www.w3.org/TR/xhtml1/DTD/xhtml1-transitional.dtd">
<html xmlns="http://www.w3.org/1999/xhtml" xml:lang="en" lang="en">
 <head>
  <title>
</title>
<meta http-equiv="Content-Type" content="text/html;charset=utf-8" />
  <meta name='ocr-system' content='tesseract 3.04.00' />
  <meta name='ocr-capabilities' content='ocr_page ocr_carea ocr_par ocr_line ocrx_word'/>
</head>
<body>
  <div class='ocr_page' id='page_1' title='image "./desedibusetcaus01adelgoog_0187.png"; bbox 0 0 2808 4664; ppageno 0'>
   <div class='ocr_carea' id='block_1_1' title="bbox 144 295 1389 3720">
    <p class='ocr_par' dir='ltr' id='par_1_1' title="bbox 144 295 1389 3720">
     <span class='ocr_line' id='line_1_1' title="bbox 1165 295 1170 330; baseline 0 0"><span class='ocrx_word' id='word_1_1' title='bbox 1165 295 1170 330; x_wconf 83' lang='lat' dir='ltr'>l</span> 
     </span>
     <span class='ocr_line' id='line_1_2' title="bbox 281 441 1114 524; baseline -0.007 -26"><span class='ocrx_word' id='word_1_2' title='bbox 281 451 348 524; x_wconf 81' lang='lat'>¹9²</span> <span class='ocrx_word' id='word_1_3' title='bbox 436 447 482 494; x_wconf 77' lang='lat' dir='ltr'>nr</span> <span class='ocrx_word' id='word_1_4' title='bbox 509 443 656 494; x_wconf 73' lang='lat' dir='ltr'>sentitus</span> <span class='ocrx_word' id='word_1_5' title='bbox 682 443 726 492; x_wconf 76' lang='lat' dir='ltr'>rr</span> <span class='ocrx_word' id='word_1_6' title='bbox 751 441 876 492; x_wconf 73' lang='lat' dir='ltr'>cauus</span> <span class='ocrx_word' id='word_1_7' title='bbox 901 443 1114 494; x_wconf 75' lang='lat' dir='ltr'>moruorum</span> 
     </span>
     <span class='ocr_line' id='line_1_3' title="bbox 275 555 1296 662; baseline 0 -28"><span class='ocrx_word' id='word_1_8' title='bbox 275 559 484 662; x_wconf 81' lang='lat' dir='ltr'>pulchreti,</span> <span class='ocrx_word' id='word_1_9' title='bbox 514 556 682 653; x_wconf 89' lang='lat' dir='ltr'>subjecta</span> <span class='ocrx_word' id='word_1_10' title='bbox 698 555 800 654; x_wconf 70' lang='lat' dir='ltr'>leges</span> <span class='ocrx_word' id='word_1_11' title='bbox 828 555 1084 629; x_wconf 87' lang='lat' dir='ltr'>observationi</span> <span class='ocrx_word' id='word_1_12' title='bbox 1111 561 1230 648; x_wconf 85' lang='lat' dir='ltr'><strong>XLII,</strong></span> <span class='ocrx_word' id='word_1_13' title='bbox 1248 588 1296 634; x_wconf 86' lang='lat' dir='ltr'>ex</span> 
     </span>
     <span class='ocr_line' id='line_1_4' title="bbox 278 673 1296 779; baseline 0 -28"><span class='ocrx_word' id='word_1_14' title='bbox 278 705 353 779; x_wconf 89' lang='lat' dir='ltr'>qua</span> <span class='ocrx_word' id='word_1_15' title='bbox 376 677 606 773; x_wconf 70' lang='lat' dir='ltr'>ceteroquin</span> <span class='ocrx_word' id='word_1_16' title='bbox 635 674 730 745; x_wconf 89' lang='lat' dir='ltr'>illud</span> <span class='ocrx_word' id='word_1_17' title='bbox 764 673 1015 747; x_wconf 87' lang='lat' dir='ltr'>confirmatur</span> <span class='ocrx_word' id='word_1_18' title='bbox 1041 677 1147 774; x_wconf 86' lang='lat' dir='ltr'>quod</span> <span class='ocrx_word' id='word_1_19' title='bbox 1177 681 1296 776; x_wconf 91' lang='lat' dir='ltr'>paulo</span> 
     </span>
     <span class='ocr_line' id='line_1_5' title="bbox 274 793 1389 896; baseline -0.001 -27"><span class='ocrx_word' id='word_1_20' title='bbox 274 811 361 869; x_wconf 89' lang='lat' dir='ltr'>ante</span> <span class='ocrx_word' id='word_1_21' title='bbox 382 793 642 892; x_wconf 85' lang='lat' dir='ltr'><strong>ponebamus,</strong></span> <span class='ocrx_word' id='word_1_22' title='bbox 671 819 693 862; x_wconf 88' lang='lat' dir='ltr'>a</span> <span class='ocrx_word' id='word_1_23' title='bbox 715 793 875 864; x_wconf 86' lang='lat' dir='ltr'>certain</span> <span class='ocrx_word' id='word_1_24' title='bbox 898 793 1058 864; x_wconf 83' lang='lat' dir='ltr'>cerebro</span> <span class='ocrx_word' id='word_1_25' title='bbox 1078 797 1295 879; x_wconf 81' lang='lat' dir='ltr'>mutatione</span> <span class='ocrx_word' id='word_1_26' title='bbox 1388 893 1389 896; x_wconf 8' lang='grc' dir='ltr'><strong>Ἴ</strong></span> 
     </span>
     <span class='ocr_line' id='line_1_6' title="bbox 275 909 1389 994; baseline -0.002 -9"><span class='ocrx_word' id='word_1_27' title='bbox 275 939 319 986; x_wconf 89' lang='lat' dir='ltr'>ac</span> <span class='ocrx_word' id='word_1_28' title='bbox 336 926 461 994; x_wconf 91' lang='lat' dir='ltr'>motu,</span> <span class='ocrx_word' id='word_1_29' title='bbox 475 910 578 980; x_wconf 92' lang='lat' dir='ltr'>illico</span> <span class='ocrx_word' id='word_1_30' title='bbox 599 923 742 979; x_wconf 91' lang='lat' dir='ltr'>motum</span> <span class='ocrx_word' id='word_1_31' title='bbox 763 909 974 980; x_wconf 84' lang='lat' dir='ltr'><strong>naturalem</strong></span> <span class='ocrx_word' id='word_1_32' title='bbox 995 909 1122 982; x_wconf 88' lang='lat' dir='ltr'>cordis</span> <span class='ocrx_word' id='word_1_33' title='bbox 1139 915 1291 983; x_wconf 88' lang='lat' dir='ltr'>mutari.</span> <span class='ocrx_word' id='word_1_34' title='bbox 1388 919 1389 982; x_wconf 63' lang='grc' dir='ltr'>ἰ</span> 
     </span>
     <span class='ocr_line' id='line_1_7' title="bbox 275 1025 1294 1124; baseline -0.003 -22"><span class='ocrx_word' id='word_1_35' title='bbox 275 1028 388 1121; x_wconf 90' lang='lat' dir='ltr'>Quod</span> <span class='ocrx_word' id='word_1_36' title='bbox 407 1028 438 1100; x_wconf 89' lang='lat' dir='ltr'>si</span> <span class='ocrx_word' id='word_1_37' title='bbox 452 1029 491 1098; x_wconf 93' lang='lat' dir='ltr'>in</span> <span class='ocrx_word' id='word_1_38' title='bbox 512 1027 650 1098; x_wconf 89' lang='lat' dir='ltr'>tenella</span> <span class='ocrx_word' id='word_1_39' title='bbox 670 1025 830 1112; x_wconf 86' lang='lat' dir='ltr'>infante,</span> <span class='ocrx_word' id='word_1_40' title='bbox 843 1051 926 1124; x_wconf 83' lang='lat' dir='ltr'>quae</span> <span class='ocrx_word' id='word_1_41' title='bbox 938 1027 979 1098; x_wconf 91' lang='lat' dir='ltr'>iu</span> <span class='ocrx_word' id='word_1_42' title='bbox 990 1030 1294 1100; x_wconf 82' lang='lat' dir='ltr'>Commerct&#39;olit-</span> 
     </span>
     <span class='ocr_line' id='line_1_8' title="bbox 276 1143 1293 1243; baseline -0.002 -23"><span class='ocrx_word' id='word_1_43' title='bbox 276 1151 417 1220; x_wconf 83' lang='lat' dir='ltr'>terario</span> <span class='ocrx_word' id='word_1_44' title='bbox 430 1144 485 1242; x_wconf 81' lang='grc' dir='ltr'>(ι)</span> <span class='ocrx_word' id='word_1_45' title='bbox 498 1157 703 1216; x_wconf 88' lang='lat' dir='ltr'>memorata</span> <span class='ocrx_word' id='word_1_46' title='bbox 718 1159 788 1231; x_wconf 85' lang='lat' dir='ltr'>est,</span> <span class='ocrx_word' id='word_1_47' title='bbox 803 1143 899 1214; x_wconf 90' lang='lat' dir='ltr'>nihil</span> <span class='ocrx_word' id='word_1_48' title='bbox 917 1169 1049 1217; x_wconf 87' lang='lat' dir='ltr'>revera</span> <span class='ocrx_word' id='word_1_49' title='bbox 1062 1161 1200 1243; x_wconf 75' lang='lat' dir='ltr'>praeter</span> <span class='ocrx_word' id='word_1_50' title='bbox 1209 1146 1293 1218; x_wconf 87' lang='lat' dir='ltr'>illas</span> 
     </span>
     <span class='ocr_line' id='line_1_9' title="bbox 276 1263 1294 1364; baseline -0.002 -27"><span class='ocrx_word' id='word_1_51' title='bbox 276 1265 481 1364; x_wconf 84' lang='lat' dir='ltr'>polyposas</span> <span class='ocrx_word' id='word_1_52' title='bbox 490 1263 753 1334; x_wconf 72' lang='lat' dir='ltr'>concretiones</span> <span class='ocrx_word' id='word_1_53' title='bbox 762 1263 926 1334; x_wconf 87' lang='lat' dir='ltr'>inveniri</span> <span class='ocrx_word' id='word_1_54' title='bbox 936 1277 1085 1360; x_wconf 87' lang='lat' dir='ltr'>poterat</span> <span class='ocrx_word' id='word_1_55' title='bbox 1099 1263 1208 1362; x_wconf 91' lang='lat' dir='ltr'>quod</span> <span class='ocrx_word' id='word_1_56' title='bbox 1222 1265 1294 1335; x_wconf 87' lang='lat' dir='ltr'>cnl-</span> 
     </span>
     <span class='ocr_line' id='line_1_10' title="bbox 276 1375 1389 1482; baseline 0 -28"><span class='ocrx_word' id='word_1_57' title='bbox 276 1399 451 1482; x_wconf 87' lang='lat' dir='ltr'>paretur,</span> <span class='ocrx_word' id='word_1_58' title='bbox 463 1381 727 1480; x_wconf 81' lang='lat' dir='ltr'>palpitationes</span> <span class='ocrx_word' id='word_1_59' title='bbox 742 1378 870 1452; x_wconf 90' lang='lat' dir='ltr'>cordis</span> <span class='ocrx_word' id='word_1_60' title='bbox 885 1382 1007 1478; x_wconf 82' lang='lat' dir='ltr'><strong>ipsam</strong></span> <span class='ocrx_word' id='word_1_61' title='bbox 1022 1381 1293 1480; x_wconf 83' lang='lat' dir='ltr'>inquietantes,</span> <span class='ocrx_word' id='word_1_62' title='bbox 1388 1375 1389 1412; x_wconf 74' lang='lat'><em>³</em></span> 
     </span>
     <span class='ocr_line' id='line_1_11' title="bbox 277 1497 1389 1598; baseline -0.001 -24"><span class='ocrx_word' id='word_1_63' title='bbox 277 1527 325 1574; x_wconf 88' lang='lat' dir='ltr'>eo</span> <span class='ocrx_word' id='word_1_64' title='bbox 345 1500 488 1574; x_wconf 82' lang='lat' dir='ltr'>facilius</span> <span class='ocrx_word' id='word_1_65' title='bbox 513 1525 582 1598; x_wconf 87' lang='lat' dir='ltr'>per</span> <span class='ocrx_word' id='word_1_66' title='bbox 600 1498 866 1572; x_wconf 88' lang='lat' dir='ltr'>convulsiones</span> <span class='ocrx_word' id='word_1_67' title='bbox 889 1497 1089 1572; x_wconf 87' lang='lat' dir='ltr'>undelibet</span> <span class='ocrx_word' id='word_1_68' title='bbox 1110 1515 1215 1573; x_wconf 71' lang='lat' dir='ltr'>oms</span> <span class='ocrx_word' id='word_1_69' title='bbox 1230 1527 1293 1573; x_wconf 82' lang='lat' dir='ltr'>ex-</span> <span class='ocrx_word' id='word_1_70' title='bbox 1388 1591 1389 1596; x_wconf 5' lang='grc' dir='ltr'>ἵ</span> 
     </span>
     <span class='ocr_line' id='line_1_12' title="bbox 276 1616 1292 1718; baseline 0 -28"><span class='ocrx_word' id='word_1_71' title='bbox 276 1619 449 1718; x_wconf 87' lang='lat' dir='ltr'>plicabis,</span> <span class='ocrx_word' id='word_1_72' title='bbox 468 1616 573 1716; x_wconf 83' lang='lat' dir='ltr'>quod</span> <span class='ocrx_word' id='word_1_73' title='bbox 588 1642 633 1690; x_wconf 86' lang='lat' dir='ltr'>ex</span> <span class='ocrx_word' id='word_1_74' title='bbox 653 1617 953 1688; x_wconf 67' lang='lat' dir='ltr'>convictionibus</span> <span class='ocrx_word' id='word_1_75' title='bbox 966 1631 1118 1688; x_wconf 77' lang='lat' dir='ltr'>mortua</span> <span class='ocrx_word' id='word_1_76' title='bbox 1134 1633 1199 1690; x_wconf 84' lang='lat' dir='ltr'>est.</span> <span class='ocrx_word' id='word_1_77' title='bbox 1216 1623 1292 1690; x_wconf 75' lang='lat' dir='ltr'>Ca-</span> 
     </span>
     <span class='ocr_line' id='line_1_13' title="bbox 277 1721 1292 1835; baseline 0.001 -25"><span class='ocrx_word' id='word_1_78' title='bbox 277 1753 401 1810; x_wconf 86' lang='lat' dir='ltr'>terum</span> <span class='ocrx_word' id='word_1_79' title='bbox 421 1763 504 1835; x_wconf 72' lang='lat' dir='ltr'>quaa</span> <span class='ocrx_word' id='word_1_80' title='bbox 521 1736 742 1822; x_wconf 87' lang='lat' dir='ltr'>dictasunt,</span> <span class='ocrx_word' id='word_1_81' title='bbox 760 1733 806 1806; x_wconf 80' lang='lat' dir='ltr'>atl</span> <span class='ocrx_word' id='word_1_82' title='bbox 825 1721 963 1808; x_wconf 84' lang='lat' dir='ltr'>nervos</span> <span class='ocrx_word' id='word_1_83' title='bbox 991 1760 1146 1834; x_wconf 87' lang='lat' dir='ltr'>quoque</span> <span class='ocrx_word' id='word_1_84' title='bbox 1167 1751 1292 1812; x_wconf 88' lang='lat' dir='ltr'>traus-</span> 
     </span>
     <span class='ocr_line' id='line_1_14' title="bbox 245 1852 1290 1954; baseline 0 -28"><span class='ocrx_word' id='word_1_85' title='bbox 245 1899 247 1904; x_wconf 94' lang='lat'>·</span> <span class='ocrx_word' id='word_1_86' title='bbox 276 1852 373 1928; x_wconf 84' lang='lat' dir='ltr'>ferre</span> <span class='ocrx_word' id='word_1_87' title='bbox 392 1856 534 1954; x_wconf 83' lang='lat' dir='ltr'>poteris</span> <span class='ocrx_word' id='word_1_88' title='bbox 550 1877 635 1927; x_wconf 90' lang='lat' dir='ltr'>cum</span> <span class='ocrx_word' id='word_1_89' title='bbox 656 1876 883 1950; x_wconf 79' lang='lat' dir='ltr'>magnorum</span> <span class='ocrx_word' id='word_1_90' title='bbox 900 1877 1102 1938; x_wconf 82' lang='lat' dir='ltr'>vasorum,</span> <span class='ocrx_word' id='word_1_91' title='bbox 1120 1863 1188 1926; x_wconf 87' lang='lat' dir='ltr'>aut</span> <span class='ocrx_word' id='word_1_92' title='bbox 1209 1879 1290 1928; x_wconf 90' lang='lat' dir='ltr'>cor·</span> 
     </span>
     <span class='ocr_line' id='line_1_15' title="bbox 275 1960 1310 2070; baseline 0.001 -26"><span class='ocrx_word' id='word_1_93' title='bbox 275 1973 334 2046; x_wconf 88' lang='lat' dir='ltr'>dis</span> <span class='ocrx_word' id='word_1_94' title='bbox 353 1975 477 2046; x_wconf 89' lang='lat' dir='ltr'>nervis</span> <span class='ocrx_word' id='word_1_95' title='bbox 498 1973 842 2058; x_wconf 87' lang='lat' dir='ltr'>communicantes,</span> <span class='ocrx_word' id='word_1_96' title='bbox 858 1987 901 2042; x_wconf 91' lang='lat' dir='ltr'>ut</span> <span class='ocrx_word' id='word_1_97' title='bbox 915 1972 1046 2070; x_wconf 84' lang='lat' dir='ltr'>quaein</span> <span class='ocrx_word' id='word_1_98' title='bbox 1061 1969 1290 2070; x_wconf 89' lang='lat' dir='ltr'>hypochon-</span> <span class='ocrx_word' id='word_1_99' title='bbox 1307 1960 1310 1964; x_wconf 36' lang='lat'><strong><em>¹</em></strong></span> 
     </span>
     <span class='ocr_line' id='line_1_16' title="bbox 265 2088 1289 2188; baseline 0.001 -26"><span class='ocrx_word' id='word_1_100' title='bbox 265 2090 410 2164; x_wconf 76' lang='lat' dir='ltr'>¹ilriacis</span> <span class='ocrx_word' id='word_1_101' title='bbox 421 2091 625 2188; x_wconf 83' lang='lat' dir='ltr'>prasertim</span> <span class='ocrx_word' id='word_1_102' title='bbox 643 2105 680 2161; x_wconf 91' lang='lat' dir='ltr'>et</span> <span class='ocrx_word' id='word_1_103' title='bbox 694 2088 891 2186; x_wconf 83' lang='lat' dir='ltr'>hystoricis</span> <span class='ocrx_word' id='word_1_104' title='bbox 904 2089 1171 2186; x_wconf 87' lang='lat' dir='ltr'>palpitationes</span> <span class='ocrx_word' id='word_1_105' title='bbox 1186 2089 1289 2188; x_wconf 88' lang='lat' dir='ltr'>haud</span> 
     </span>
     <span class='ocr_line' id='line_1_17' title="bbox 275 2206 1289 2295; baseline -0.002 -15"><span class='ocrx_word' id='word_1_106' title='bbox 275 2234 362 2280; x_wconf 91' lang='lat' dir='ltr'>raro</span> <span class='ocrx_word' id='word_1_107' title='bbox 382 2208 579 2295; x_wconf 87' lang='lat' dir='ltr'>accidunt,</span> <span class='ocrx_word' id='word_1_108' title='bbox 605 2206 694 2278; x_wconf 88' lang='lat' dir='ltr'>inde</span> <span class='ocrx_word' id='word_1_109' title='bbox 723 2208 833 2277; x_wconf 84' lang='lat' dir='ltr'>etiam</span> <span class='ocrx_word' id='word_1_110' title='bbox 860 2221 925 2278; x_wconf 87' lang='lat' dir='ltr'>aut</span> <span class='ocrx_word' id='word_1_111' title='bbox 949 2208 1129 2294; x_wconf 89' lang='lat' dir='ltr'>omnino,</span> <span class='ocrx_word' id='word_1_112' title='bbox 1154 2224 1221 2280; x_wconf 90' lang='lat' dir='ltr'>aut</span> <span class='ocrx_word' id='word_1_113' title='bbox 1250 2211 1289 2278; x_wconf 91' lang='lat' dir='ltr'>in</span> 
     </span>
     <span class='ocr_line' id='line_1_18' title="bbox 275 2323 1288 2423; baseline 0 -27"><span class='ocrx_word' id='word_1_114' title='bbox 275 2339 380 2423; x_wconf 83' lang='lat' dir='ltr'>parte</span> <span class='ocrx_word' id='word_1_115' title='bbox 412 2325 599 2420; x_wconf 82' lang='lat' dir='ltr'>originem</span> <span class='ocrx_word' id='word_1_116' title='bbox 639 2323 784 2395; x_wconf 79' lang='lat' dir='ltr'>ducere</span> <span class='ocrx_word' id='word_1_117' title='bbox 808 2323 1006 2420; x_wconf 85' lang='lat' dir='ltr'>intelligas.</span> <span class='ocrx_word' id='word_1_118' title='bbox 1040 2327 1156 2396; x_wconf 87' lang='lat' dir='ltr'>Nervi</span> <span class='ocrx_word' id='word_1_119' title='bbox 1185 2327 1288 2396; x_wconf 84' lang='lat' dir='ltr'>enim</span> 
     </span>
     <span class='ocr_line' id='line_1_19' title="bbox 277 2440 1288 2539; baseline 0.001 -24"><span class='ocrx_word' id='word_1_120' title='bbox 277 2443 421 2515; x_wconf 79' lang='lat' dir='ltr'>suntin</span> <span class='ocrx_word' id='word_1_121' title='bbox 442 2440 629 2537; x_wconf 87' lang='lat' dir='ltr'>ejusmodi</span> <span class='ocrx_word' id='word_1_122' title='bbox 649 2441 874 2538; x_wconf 89' lang='lat' dir='ltr'>corporibus</span> <span class='ocrx_word' id='word_1_123' title='bbox 895 2441 1015 2514; x_wconf 87' lang='lat' dir='ltr'>molto</span> <span class='ocrx_word' id='word_1_124' title='bbox 1037 2441 1288 2539; x_wconf 82' lang='lat' dir='ltr'>procliviores</span> 
     </span>
     <span class='ocr_line' id='line_1_20' title="bbox 144 2547 1287 2658; baseline 0.002 -26"><span class='ocrx_word' id='word_1_125' title='bbox 144 2646 149 2652; x_wconf 34' lang='grc'><strong>,</strong></span> <span class='ocrx_word' id='word_1_126' title='bbox 242 2547 244 2554; x_wconf 48' lang='lat'>,</span> <span class='ocrx_word' id='word_1_127' title='bbox 275 2559 325 2632; x_wconf 86' lang='lat' dir='ltr'>ad</span> <span class='ocrx_word' id='word_1_128' title='bbox 357 2558 562 2631; x_wconf 84' lang='lat' dir='ltr'>abnormes</span> <span class='ocrx_word' id='word_1_129' title='bbox 592 2560 815 2657; x_wconf 82' lang='lat' dir='ltr'>repentinos</span> <span class='ocrx_word' id='word_1_130' title='bbox 844 2575 970 2632; x_wconf 90' lang='lat' dir='ltr'>motus</span> <span class='ocrx_word' id='word_1_131' title='bbox 1000 2561 1287 2658; x_wconf 78' lang='lat' dir='ltr'>suscipiendos3</span> 
     </span>
     <span class='ocr_line' id='line_1_21' title="bbox 172 2676 1288 2776; baseline -0.005 -22"><span class='ocrx_word' id='word_1_132' title='bbox 172 2749 174 2754; x_wconf 89' lang='lat'><em>.</em></span> <span class='ocrx_word' id='word_1_133' title='bbox 277 2677 527 2776; x_wconf 77' lang='lat' dir='ltr'>quamobrem</span> <span class='ocrx_word' id='word_1_134' title='bbox 546 2678 580 2750; x_wconf 88' lang='lat' dir='ltr'>si</span> <span class='ocrx_word' id='word_1_135' title='bbox 599 2703 675 2774; x_wconf 82' lang='lat' dir='ltr'>qua</span> <span class='ocrx_word' id='word_1_136' title='bbox 689 2678 779 2766; x_wconf 82' lang='lat' dir='ltr'>alia,</span> <span class='ocrx_word' id='word_1_137' title='bbox 795 2677 858 2748; x_wconf 80' lang='lat' dir='ltr'>illa</span> <span class='ocrx_word' id='word_1_138' title='bbox 876 2693 976 2750; x_wconf 82' lang='lat' dir='ltr'>certe</span> <span class='ocrx_word' id='word_1_139' title='bbox 989 2677 1050 2748; x_wconf 80' lang='lat' dir='ltr'>rel</span> <span class='ocrx_word' id='word_1_140' title='bbox 1067 2676 1114 2750; x_wconf 90' lang='lat' dir='ltr'>ab</span> <span class='ocrx_word' id='word_1_141' title='bbox 1135 2678 1288 2749; x_wconf 86' lang='lat' dir='ltr'>leviori-</span> 
     </span>
     <span class='ocr_line' id='line_1_22' title="bbox 275 2793 1389 2894; baseline -0.002 -27"><span class='ocrx_word' id='word_1_142' title='bbox 275 2795 349 2868; x_wconf 87' lang='lat' dir='ltr'>bus</span> <span class='ocrx_word' id='word_1_143' title='bbox 368 2797 483 2868; x_wconf 88' lang='lat' dir='ltr'>animi</span> <span class='ocrx_word' id='word_1_144' title='bbox 502 2793 698 2867; x_wconf 81' lang='lat' dir='ltr'>affectibus</span> <span class='ocrx_word' id='word_1_145' title='bbox 722 2797 846 2866; x_wconf 86' lang='lat' dir='ltr'>statim</span> <span class='ocrx_word' id='word_1_146' title='bbox 866 2797 1008 2894; x_wconf 88' lang='lat' dir='ltr'>corripi</span> <span class='ocrx_word' id='word_1_147' title='bbox 1030 2794 1286 2894; x_wconf 86' lang='lat' dir='ltr'>palpitationi·</span> <span class='ocrx_word' id='word_1_148' title='bbox 1388 2801 1389 2840; x_wconf 62' lang='lat' dir='ltr'>l</span> 
     </span>
     <span class='ocr_line' id='line_1_23' title="bbox 274 2911 1286 3015; baseline 0 -31"><span class='ocrx_word' id='word_1_149' title='bbox 274 2911 348 3015; x_wconf 77' lang='lat' dir='ltr'>bus</span> <span class='ocrx_word' id='word_1_150' title='bbox 366 2914 491 2986; x_wconf 89' lang='lat' dir='ltr'>cordis</span> <span class='ocrx_word' id='word_1_151' title='bbox 507 2913 689 2985; x_wconf 80' lang='lat' dir='ltr'>videmus.</span> <span class='ocrx_word' id='word_1_152' title='bbox 705 2917 751 2984; x_wconf 89' lang='lat' dir='ltr'>Et</span> <span class='ocrx_word' id='word_1_153' title='bbox 761 2935 980 3010; x_wconf 81' lang='lat' dir='ltr'>quanquam</span> <span class='ocrx_word' id='word_1_154' title='bbox 998 2915 1038 2986; x_wconf 87' lang='lat' dir='ltr'>in</span> <span class='ocrx_word' id='word_1_155' title='bbox 1060 2913 1286 2986; x_wconf 85' lang='lat' dir='ltr'>mulieribus</span> 
     </span>
     <span class='ocr_line' id='line_1_24' title="bbox 274 3031 1283 3130; baseline 0.002 -28"><span class='ocrx_word' id='word_1_156' title='bbox 274 3031 414 3121; x_wconf 84' lang='lat' dir='ltr'>tribus,</span> <span class='ocrx_word' id='word_1_157' title='bbox 442 3057 604 3130; x_wconf 75' lang='lat' dir='ltr'>quatum</span> <span class='ocrx_word' id='word_1_158' title='bbox 643 3032 817 3128; x_wconf 87' lang='lat' dir='ltr'>protinus</span> <span class='ocrx_word' id='word_1_159' title='bbox 853 3031 1051 3128; x_wconf 88' lang='lat' dir='ltr'>subjiciam</span> <span class='ocrx_word' id='word_1_160' title='bbox 1085 3031 1283 3118; x_wconf 76' lang='lat' dir='ltr'>historias,</span> 
     </span>
     <span class='ocr_line' id='line_1_25' title="bbox 274 3145 1283 3252; baseline 0.002 -32"><span class='ocrx_word' id='word_1_161' title='bbox 274 3149 364 3252; x_wconf 81' lang='lat' dir='ltr'>alias</span> <span class='ocrx_word' id='word_1_162' title='bbox 376 3150 521 3246; x_wconf 84' lang='lat' dir='ltr'>aliquas</span> <span class='ocrx_word' id='word_1_163' title='bbox 538 3149 794 3247; x_wconf 85' lang='lat' dir='ltr'>palpitationis</span> <span class='ocrx_word' id='word_1_164' title='bbox 809 3145 921 3222; x_wconf 87' lang='lat' dir='ltr'>fuisse</span> <span class='ocrx_word' id='word_1_165' title='bbox 939 3173 1067 3224; x_wconf 81' lang='lat' dir='ltr'>causas</span> <span class='ocrx_word' id='word_1_166' title='bbox 1085 3173 1283 3246; x_wconf 80' lang='lat' dir='ltr'>agnosces3</span> 
     </span>
     <span class='ocr_line' id='line_1_26' title="bbox 214 3267 1389 3364; baseline 0.002 -29"><span class='ocrx_word' id='word_1_167' title='bbox 214 3273 215 3276; x_wconf 74' lang='grc'>’</span> <span class='ocrx_word' id='word_1_168' title='bbox 274 3280 402 3338; x_wconf 88' lang='lat' dir='ltr'>tamen</span> <span class='ocrx_word' id='word_1_169' title='bbox 428 3269 520 3363; x_wconf 89' lang='lat' dir='ltr'>quin</span> <span class='ocrx_word' id='word_1_170' title='bbox 549 3268 612 3338; x_wconf 84' lang='lat' dir='ltr'>illa</span> <span class='ocrx_word' id='word_1_171' title='bbox 634 3291 788 3364; x_wconf 83' lang='lat' dir='ltr'>quoquc</span> <span class='ocrx_word' id='word_1_172' title='bbox 813 3293 898 3338; x_wconf 89' lang='lat' dir='ltr'>cum</span> <span class='ocrx_word' id='word_1_173' title='bbox 923 3267 1067 3340; x_wconf 84' lang='lat' dir='ltr'>caeteris</span> <span class='ocrx_word' id='word_1_174' title='bbox 1089 3267 1283 3338; x_wconf 87' lang='lat' dir='ltr'>interdum</span> <span class='ocrx_word' id='word_1_175' title='bbox 1388 3333 1389 3360; x_wconf 35' lang='lat'>3</span> 
     </span>
     <span class='ocr_line' id='line_1_27' title="bbox 275 3384 914 3470; baseline 0.006 -17"><span class='ocrx_word' id='word_1_176' title='bbox 275 3385 516 3470; x_wconf 85' lang='lat' dir='ltr'>convenerit,</span> <span class='ocrx_word' id='word_1_177' title='bbox 538 3386 692 3457; x_wconf 88' lang='lat' dir='ltr'>minime</span> <span class='ocrx_word' id='word_1_178' title='bbox 712 3384 914 3457; x_wconf 77' lang='lat' dir='ltr'>dubitabis</span> 
     </span>
     <span class='ocr_line' id='line_1_28' title="bbox 322 3503 1389 3600; baseline 0.005 -28"><span class='ocrx_word' id='word_1_179' title='bbox 322 3506 357 3588; x_wconf 68' lang='grc'>4.</span> <span class='ocrx_word' id='word_1_180' title='bbox 381 3505 485 3572; x_wconf 78' lang='lat' dir='ltr'>Uxor</span> <span class='ocrx_word' id='word_1_181' title='bbox 502 3504 670 3573; x_wconf 87' lang='lat' dir='ltr'>Patavini</span> <span class='ocrx_word' id='word_1_182' title='bbox 688 3503 882 3599; x_wconf 83' lang='lat' dir='ltr'>cujusdam</span> <span class='ocrx_word' id='word_1_183' title='bbox 900 3504 1074 3600; x_wconf 85' lang='lat' dir='ltr'>pictoris,</span> <span class='ocrx_word' id='word_1_184' title='bbox 1089 3527 1212 3576; x_wconf 86' lang='lat' dir='ltr'>annos</span> <span class='ocrx_word' id='word_1_185' title='bbox 1222 3527 1283 3576; x_wconf 84' lang='lat' dir='ltr'>ua·</span> <span class='ocrx_word' id='word_1_186' title='bbox 1388 3539 1389 3564; x_wconf 41' lang='grc' dir='ltr'><strong>κ</strong></span> 
     </span>
     <span class='ocr_line' id='line_1_29' title="bbox 271 3618 1389 3720; baseline 0.004 -30"><span class='ocrx_word' id='word_1_187' title='bbox 271 3633 310 3690; x_wconf 83' lang='lat' dir='ltr'>ta</span> <span class='ocrx_word' id='word_1_188' title='bbox 320 3618 569 3718; x_wconf 83' lang='lat' dir='ltr'>quadraginta</span> <span class='ocrx_word' id='word_1_189' title='bbox 581 3675 590 3710; x_wconf 87' lang='lat'>,</span> <span class='ocrx_word' id='word_1_190' title='bbox 604 3619 812 3692; x_wconf 79' lang='lat' dir='ltr'>liberorum</span> <span class='ocrx_word' id='word_1_191' title='bbox 823 3636 985 3718; x_wconf 86' lang='lat' dir='ltr'>quatuor</span> <span class='ocrx_word' id='word_1_192' title='bbox 1000 3635 1140 3711; x_wconf 84' lang='lat' dir='ltr'>mater,</span> <span class='ocrx_word' id='word_1_193' title='bbox 1156 3637 1282 3720; x_wconf 79' lang='lat' dir='ltr'>neque</span> <span class='ocrx_word' id='word_1_194' title='bbox 1388 3623 1389 3628; x_wconf 70' lang='grc'>’</span> 
     </span>
    </p>
   </div>
   <div class='ocr_carea' id='block_1_2' title="bbox 310 3978 990 4071">
    <p class='ocr_par' dir='ltr' id='par_1_2' title="bbox 310 3978 990 4071">
     <span class='ocr_line' id='line_1_30' title="bbox 310 3978 990 4071; baseline 0.003 -21"><span class='ocrx_word' id='word_1_195' title='bbox 310 3978 990 4071; x_wconf 65' lang='lat' dir='ltr'>(1)An.1744,&#39;h&#39;ebd.ta,n.1,adart.15.</span> 
     </span>
    </p>
   </div>
   <div class='ocr_carea' id='block_1_3' title="bbox 0 0 1408 4664">
    <p class='ocr_par' dir='ltr' id='par_1_3' title="bbox 0 0 1408 4664">
     <span class='ocr_line' id='line_1_31' title="bbox 0 0 1408 4664; baseline 0 0"><span class='ocrx_word' id='word_1_196' title='bbox 0 0 1408 4664; x_wconf 95' lang='lat' dir='ltr'> </span> 
     </span>
    </p>
   </div>
  </div>
 </body>
</html>
