2850 4668
122 3984 144 4028 δ

316 468 362 562 74
479 485 524 530 DE
551 481 696 532 SEDIBUS
721 483 765 529 ΕΤ
789 482 912 530 ΟΑΙΙΒΙὸ
938 483 1148 532 MORBORUM

314 603 433 695 Caput
450 619 593 681 secare,
612 594 692 667 aliis
709 595 861 666 distenti
880 595 1212 694 occupationibus,
1233 623 1317 670 non

312 716 516 814 potuimus.

365 829 422 907 35.
441 831 521 902 Viri
538 829 688 902 alterius
702 829 930 902 consistente
947 844 1071 919 atate,
1095 855 1186 903 sano
1205 831 1317 906 babi-

311 964 372 1036 tu,
395 945 460 1018 sed
486 945 533 1016 ad
561 946 801 1017 macilentum
828 947 983 1044 potius,
1007 971 1120 1043 quam
1152 947 1200 1018 ad
1230 950 1320 1046 pin-

314 1089 425 1164 guem
457 1077 653 1162 vergente,
685 1063 841 1135 cadaver
876 1063 1077 1139 incidimus
1111 1063 1247 1138 eodem
1275 1067 1319 1138 in

312 1183 423 1272 loco,
440 1181 649 1279 eodemque
667 1203 794 1253 mense
806 1235 816 1271 ,
830 1182 1054 1278 insequente
1065 1197 1190 1254 autem
1202 1208 1320 1271 anno,

314 1323 401 1370 cum
427 1299 536 1396 plura
559 1299 631 1397 ipsi
656 1301 696 1369 in
716 1299 798 1370 aliis
815 1297 1024 1377 secundum
1045 1314 1219 1372 naturam
1236 1301 1318 1371 ani·

311 1415 521 1504 madversa,
534 1437 823 1514 recognoscere,
841 1431 884 1487 ut
902 1416 1001 1488 soliti
1019 1441 1165 1506 sumus,
1182 1432 1219 1488 et
1241 1416 1320 1488 ire·

313 1526 566 1632 quentissimis
582 1531 817 1604 auditoribus
827 1531 1085 1606 demonstrare
1098 1535 1320 1609 instituisse·

312 1675 406 1722 mus.
423 1651 559 1721 Aderat
568 1673 655 1720 cum
669 1652 808 1722 caeteris
817 1653 990 1724 assistens
1000 1653 1222 1724 nosocomio
1235 1677 1318 1724 me-

312 1769 428 1841 dicus.
449 1770 518 1840 Hic
539 1767 813 1840 sciscitantibus
826 1769 1005 1841 narrabat
1022 1770 1198 1858 cadaver,
1223 1785 1315 1840 tunc

312 1885 589 1974 dissecandum,
600 1875 767 1984 lapicidae
782 1911 880 1959 esse:
901 1885 1112 1982 cujusmodi
1127 1885 1315 1958 artificum
1353 1936 1356 1944 ·

311 2004 510 2102 pulmones
524 2003 574 2074 ob
589 2003 820 2076 involantem
835 2005 1044 2102 pulverem,
1054 2020 1239 2102 quantum
1250 2028 1319 2103 op·

311 2122 466 2218 portuni
483 2119 625 2192 morbis
643 2121 738 2209 sint,
754 2145 842 2192 cum
860 2122 957 2192 ratio
977 2124 1135 2211 indicat,
1151 2137 1232 2193 tum
1246 2122 1316 2194 ob-

312 2239 470 2309 servatio
484 2238 538 2333 (r)
551 2231 762 2307 confirmat.
775 2239 1045 2335 Huicprimum
1054 2237 1209 2328 febrim,
1226 2265 1315 2311 mox

310 2369 543 2452 pungentem
561 2354 699 2425 sinistri
715 2353 839 2426 lateris
848 2353 1020 2429 dolorem
1032 2411 1042 2448 ,
1056 2381 1144 2428 mox
1156 2357 1228 2427 alvi
1244 2357 1315 2429 ssu-

203 2512 216 2525 -κ
287 2494 419 2558 ,xum,
437 2486 478 2543 ut
498 2472 613 2552 octies
628 2471 727 2542 intra
740 2469 854 2543 horas
872 2474 1006 2572 viginti
1023 2489 1186 2572 quatuor
1200 2473 1314 2546 fluida

312 2603 496 2685 egereret,
516 2613 595 2660 non
613 2586 728 2676 flava,
747 2613 871 2687 neque
892 2613 979 2662 cum
1000 2591 1159 2664 molesto
1181 2617 1317 2682 sensu;

311 2729 399 2775 mox
429 2721 643 2804 gravantem
668 2707 707 2776 'm
731 2705 886 2780 thorace
909 2707 1081 2781 dolorem
1106 2708 1314 2782 advenisse.

311 2823 454 2910 Serius,
473 2838 516 2894 ut
532 2848 552 2893 a
570 2821 726 2920 plebeiis
745 2848 839 2922 saepe
856 2823 917 2913 tit,
934 2826 1095 2896 neoullo
1111 2826 1316 2925 domiprae-

311 2939 405 3010 sidio
413 2939 595 3033 adhibito,
606 2940 799 3014 hominem
811 2942 882 3015 sub
893 2944 1062 3040 quintam
1075 2943 1200 3016 morbi
1212 2944 1312 3016 diem

309 3059 349 3128 in
366 3083 453 3130 eum
472 3059 599 3130 iocum
621 3057 733 3132 fuisse
751 3059 914 3149 illatum,
928 3061 1007 3156 jam
1025 3059 1204 3134 omnibus
1229 3085 1312 3160 quae

312 3174 409 3246 dicta
429 3192 533 3263 sunt,
555 3177 809 3266 laborantem,
832 3203 950 3276 eaque
963 3179 1010 3250 ad
1025 3194 1235 3251 extremum
1249 3205 1313 3252 us-

312 3315 386 3387 que
403 3295 614 3389 perstitisse.
634 3296 790 3366 Missum
806 3295 855 3366 ob
873 3294 998 3368 morbi
1012 3299 1189 3395 praecipui
1203 3312 1313 3368 natu·

308 3414 392 3479 'ram
417 3426 453 3482 et
477 3413 717 3499 violentiam,
744 3414 964 3510 sanguinem
991 3413 1203 3488 densiorem
1231 3417 1313 3512 qui·

312 3526 399 3598 dem
411 3527 534 3619 fuisse,
553 3554 623 3601 nec
641 3544 765 3601 tamen
780 3521 865 3633 cum
879 3547 1003 3603 crusta
1017 3533 1211 3631 polyposa.
1223 3536 1314 3631 Spu·

312 3659 365 3734 ta,
379 3672 459 3718 non
469 3648 550 3718 sine
559 3648 684 3744 aliqua
694 3649 884 3745 sanguinis
893 3651 1068 3784 tinctura,
1078 3651 1313 3748 apparuisse,

352 4019 395 4096 (r)
416 4019 485 4076 Vid.
499 4021 567 4075 Act.
580 4020 619 4078 N.
631 4019 665 4078 C.
678 4030 751 4078 tom.
765 4019 799 4095 5,
812 4021 877 4080 obs.
895 4019 943 4080 85.
