2850 4668
285 431 332 514 lt⁰
450 445 497 494 rr
523 442 668 494 serimus
693 443 736 490 rr
761 441 884 492 crusis
908 443 1117 493 noaronmr

281 576 322 631 ut
340 582 361 630 a
380 557 458 632 sola
473 573 576 630 aetate
593 557 639 628 sit
655 555 870 654 repetenda:
880 558 1053 629 seniores
1069 518 1289 656 hoclplures

282 674 546 760 dissecuimus,
563 671 671 743 inhis
685 671 790 742 illum
803 669 941 769 dequo
956 674 1127 771 superius
1138 671 1288 769 (1·)dic-'

282 809 364 865 tum
380 807 454 877 est,
471 791 561 860 anni
582 789 730 860 circiter
748 788 949 861 duodecim
972 791 1154 886 majorem
1170 805 1288 878 natu,

282 933 395 1009 quam
416 907 478 978 hic
496 921 609 993 esset3
627 931 697 978 uec
713 929 882 1003 unquam
896 906 985 979 alias
1000 907 1040 976 in
1057 932 1125 1004 par
1138 922 1286 1006 specta-

283 1027 412 1098 culum
432 1022 640 1094 incidimus.
657 1025 730 1094 'Vix
745 1045 846 1093 anno
867 1028 953 1120 ¹74¹
977 1023 1123 1120 insene
1140 1023 1288 1094 medio·

283 1142 355 1213 cris
363 1140 532 1230 habitus,
543 1165 588 1212 ex
602 1139 781 1212 diarrhaea
795 1155 966 1228 mortuo,
981 1141 1040 1237 cuj
1045 1165 1088 1212 us
1106 1139 1289 1218 cadavere

282 1260 342 1331 usi
366 1283 495 1331 sumus
517 1258 562 1329 ad
588 1257 697 1356 plura
719 1257 929 1330 secundum
956 1274 1129 1330 naturam
1157 1283 1195 1330 se
1218 1257 1287 1329 ha·

281 1377 410 1450 bentia
421 1376 612 1476 discipulis
625 1376 764 1448 nostris
777 1375 1090 1463 demonstranda,
1104 1381 1190 1448 cum
1204 1375 1286 1474 pul-

192 1477 199 1500 ’
282 1519 436 1568 monem
453 1495 611 1566 alterum
626 1492 770 1564 adorso
785 1493 944 1577 avellere
961 1495 1040 1565 sine
1058 1493 1287 1566 laceratione

282 1639 361 1684 non
381 1614 527 1698 liceret,
542 1609 873 1683 animadvertimus
892 1625 1011 1682 costas
1028 1611 1127 1684 inter
1145 1591 1187 1687 et
1199 1610 1286 1708 pul-

282 1755 436 1802 monem
446 1730 621 1800 laminam
632 1751 775 1799 osseam
785 1727 1030 1816 intercedere,
1040 1730 1146 1824 cujus
1159 1728 1287 1800 adhue

283 1865 428 1948 partem
451 1869 690 1918 asservamus.
711 1843 932 1918 Adhaerebat
949 1870 991 1917 ea
1010 1845 1147 1917 lamina
1164 1847 1216 1918 sic
1242 1859 1287 1918 ut
1382 1909 1384 1912 ,

284 1963 430 2038 detrahi
446 1979 572 2035 tamen
586 1977 727 2060 posset,
741 1964 852 2034 costis
864 1963 1028 2060 aliquot,
1043 1978 1080 2034 et
1098 1963 1226 2060 spatiis
1239 1962 1284 2032 il·

281 2083 328 2157 lis
343 2107 423 2179 quae
441 2073 614 2152 intereas
631 2093 737 2150 erant
752 2080 966 2176 interjecta,
979 2081 1148 2181 proxime
1167 2093 1285 2150 verte·

284 2199 385 2271 bras:
398 2221 513 2294 quam
523 2196 749 2268 vicinitatem
764 2197 803 2267 in
816 2199 986 2294 sequenti
1000 2198 1109 2269 etiam
1123 2195 1286 2268 animad·

284 2329 406 2386 vertes
428 2312 593 2403 historia.
612 2311 683 2384 Sed
705 2327 951 2410 preterquam
969 2314 1074 2410 quod
1095 2308 1284 2402 dubitavi,

285 2455 365 2521 eam
385 2431 558 2510 laminam
581 2453 658 2500 non
680 2443 755 2499 tam
776 2455 820 2502 ex
837 2431 965 2528 pleura
984 2455 1081 2518 esse,
1101 2455 1215 2528 quam
1240 2454 1285 2501 ex

284 2547 510 2648 pulmonum
531 2545 765 2634 membrana3
785 2571 855 2618 nec
872 2547 1067 2619 latitudine
1087 2547 1284 2645 pollicem,

284 2689 355 2738 nec
376 2663 612 2762 longitudine
627 2663 758 2736 decem
770 2679 1000 2736 transversos
1013 2663 1149 2762 digitos
1162 2665 1282 2736 multo

179 2827 181 2832 ·
284 2779 502 2879 superabat,
530 2805 654 2876 neque
676 2778 764 2850 alibi
787 2805 901 2877 qnam
917 2804 963 2850 eo
983 2783 1022 2850 in
1048 2779 1156 2870 loco,
1174 2779 1283 2877 quid-

284 2925 398 2999 quam
421 2898 540 2971 simile
566 2897 797 2971 occurrebat.
828 2903 1010 2970 Caeterum
1038 2900 1283 2997 prestantissi-

204 3033 209 3044 '
283 3041 368 3088 mus
386 3015 557 3088 llallerus
576 3015 630 3112 (a)
650 3015 846 3113 aliquoties
867 3015 960 3086 vidit
979 3016 1115 3112 pleurae
1138 3014 1284 3087 callosi·

284 3146 417 3220 tatem,
436 3133 637 3230 praesertim
656 3157 744 3204 vero
764 3134 802 3202 in
823 3157 1005 3231 suspenso
1024 3131 1127 3220 fure,
1146 3147 1188 3204 ut
1203 3157 1282 3203 ma—

282 3275 409 3348 gnam,
422 3255 623 3346 mortuique
630 3275 764 3348 parem
776 3250 900 3322 sedem
916 3265 1125 3348 occuparet.
1142 3257 1230 3322 Erat
1243 3252 1284 3322 iu

284 3365 358 3438 hoc
374 3366 513 3463 pariter
531 3391 606 3464 qua
618 3383 738 3438 costas
754 3367 883 3464 pleura
889 3373 1078 3466 posterius
1090 3368 1198 3466 tegit:
1217 3392 1288 3438 ne·-

284 3505 357 3580 que
377 3496 670 3570 remanserat,
690 3483 758 3554 sed
766 3481 896 3554 callus.
913 3483 966 3555 Cl.
984 3498 1109 3564 autem
1130 3486 1282 3555 Hottin-

339 3871 426 3948 1)N.
444 3869 488 3927 ιδ.

320 3871 364 4064 la)
386 3989 487 4063 Progr.
501 3983 647 4043 delndur.
639 4005 742 4063 ..corp
735 3981 837 4044 ..hum
848 3988 1073 4065 partibus,§a.
1168 3981 1171 3986 ’
