2824 4668
196 487 264 537 Lm.
292 485 332 537 rt.
360 487 410 536 oo
433 487 568 538 nonms
593 486 791 553 rnonecrs,
816 487 927 537 emer.
956 489 1053 536 xxrv.
1082 463 1178 562 357,

150 600 208 673 Ab
233 605 357 675 nervis
384 605 492 674 enim
510 603 620 702 plura
647 625 907 700 saepenumero
929 627 1007 676 esse
1038 601 1153 674 eredo

151 720 329 818 pulsuum
346 723 457 809 vitia,
474 721 679 819 praesertim
707 734 832 792 autem
852 721 1039 818 explicatu
1058 717 1154 792 diffi-

151 838 291 910 ciliora.
309 843 404 911 Nam
428 835 646 936 languidum
661 837 768 908 illum
784 838 959 936 pulsum,
978 853 1016 911 et
1034 843 1157 908 rario-

151 981 245 1044 rem,
263 981 376 1055 quem
389 957 427 1026 in
436 953 748 1054 Sepulchreto(1)
762 977 782 1025 a
797 955 1065 1053 plurimaeque
1077 969 1156 1026 tur·

150 1071 239 1147 bida
256 1074 296 1145 in
313 1072 524 1173 perieerdio
538 1071 676 1169 deduci
688 1072 790 1145 videt
803 1127 813 1161 ,
827 1097 898 1145 nec
915 1099 1042 1146 rarum
1058 1072 1153 1144 adeo
1205 1115 1211 1125 ‚

80 1227 83 1235 ·
148 1193 465 1291 praetermodum
498 1192 626 1282 fuisse,
650 1209 805 1292 apparet
831 1219 875 1267 ex
898 1195 967 1268 ista
993 1198 1073 1293 ipsa
1096 1193 1155 1264 lo·

151 1311 294 1408 que'ndi
312 1314 479 1400 ratione,
499 1335 571 1385 neo
588 1313 627 1382 in
645 1312 764 1384 altero
785 1313 966 1386 duntaxat
978 1311 1154 1400 brachiu,

149 1429 256 1501 etsie
276 1431 361 1502 satis
378 1428 532 1502 fortasse
549 1455 594 1502 ex
613 1455 724 1503 causa
738 1430 879 1503 ibidem
897 1431 1089 1529 proposita
1098 1454 1157 1501 ex·

149 1546 282 1643 plicari
298 1561 445 1644 potest:
466 1572 687 1644 quanquam
701 1548 748 1618 de
763 1562 836 1635 tot,
853 1574 946 1646 quas
957 1573 1052 1646 saepe
1070 1572 1156 1646 pro·

95 1679 96 1684 ’
151 1661 242 1735 duxi
259 1679 322 1736 aut
349 1665 660 1751 commemoravi,
678 1688 758 1734 non
782 1663 1023 1736 dissimilibus
1050 1689 1153 1762 equae

150 1782 191 1852 in
215 1781 429 1880 pericerdio
455 1780 784 1853 observationibus
804 1779 907 1856 haud
931 1782 1029 1869 scio,
1062 1795 1156 1877 quot

152 1899 306 1972 tandem
320 1900 395 1970 rari
408 1900 535 1998 potius
548 1923 661 1996 quam
680 1896 907 1996 frequentis,
922 1900 989 1996 qui
1002 1921 1156 1997 praeces·

153 2015 262 2106 serit,
281 2015 412 2115 pulsus
425 2017 657 2088 mentionem
671 2015 844 2088 habeant.
860 2017 1081 2115 Frequentis
1092 2041 1156 2090 eu·
1216 2003 1220 2008 ’

151 2149 229 2206 tem
249 2133 382 2231 pulsus
396 2130 512 2204 facilis
524 2132 672 2204 videtur
681 2133 898 2231 explicatio,
913 2135 989 2205 sive
1006 2134 1156 2206 irritans

153 2273 263 2321 causa
284 2250 408 2348 aliqua
428 2273 565 2322 nervos
582 2251 707 2351 cordis
726 2250 893 2340 vellicet,
912 2252 987 2324 sive
1009 2275 1075 2324 cor
1097 2253 1156 2348 ip-

154 2390 259 2456 sum,
279 2366 394 2465 idque
420 2368 577 2440 interius
596 2382 659 2438 aut
683 2369 867 2440 exterius:
888 2369 1050 2441 exterius
1070 2369 1157 2466 q'ui-

154 2483 264 2573 dem,
281 2498 324 2556 ut
349 2507 436 2556 cum
457 2485 552 2556 acris
569 2509 666 2582 aque
687 2501 742 2572 est
762 2488 801 2556 in
821 2486 1050 2583 pericardio‚
1078 2508 1156 2584 quo

150 2599 313 2674 refertur
331 2603 372 2672 in
390 2603 460 2674 ista
480 2603 559 2699 ipsa
579 2606 631 2672 IX
650 2603 886 2701 Sepulchreti
903 2605 1068 2678 sectione
1088 2603 1155 2676 ob·

155 2721 314 2791 servatio
332 2722 440 2808 XIII;
458 2720 615 2792 interius
631 2745 740 2809 vero,
759 2745 845 2792 cum
858 2723 1008 2818 sanguis
1022 2745 1091 2819 per
1101 2745 1158 2792 ca·

153 2859 221 2925 va,v
243 2836 536 2908 substantiamve
557 2837 682 2912 cordis
699 2837 912 2926 traductus,
944 2839 975 2908 is
1002 2854 1057 2910 est
1091 2831 1155 2934 qui

154 2957 272 3054 possit
288 2955 461 3026 vellicare
479 2981 486 3024 :
506 2956 582 3026 sive
598 2957 709 3026 etiam
730 2955 800 3026 illae
816 2981 886 3053 per
900 2979 992 3052 quas
1006 2955 1158 3052 spiritus

149 3071 196 3142 in
213 3095 279 3142 cor
295 3069 483 3160 influunt,
500 3085 706 3144 nervorum
733 3071 801 3142 viae
828 3087 915 3169 post
937 3071 1158 3143 diuturnum

156 3189 281 3261 cordis
294 3191 572 3260 irritamentum
588 3188 682 3260 adeo
698 3203 867 3286 pateant,
882 3187 1008 3259 uthoc
1020 3187 1157 3279 ablato,

155 3322 314 3406 pergant
323 3307 350 3376 ii
361 3306 613 3379 nihilominus
623 3330 693 3378 nec
703 3305 750 3376 ad
759 3305 874 3378 breve
884 3321 1159 3405 tempus‚aequo

155 3425 329 3498 crebrius
342 3426 382 3494 in
403 3449 470 3496 cor
486 3423 672 3496 influere:
689 3448 772 3522 quae
786 3422 940 3496 fortasse
960 3449 1070 3497 causa
1087 3443 1159 3514 est,

155 3567 224 3613 cur
244 3541 348 3613 haud
366 3565 473 3629 raro,
493 3543 671 3640 pervictis
687 3543 764 3638 jam
790 3540 978 3633 febribus,
997 3545 1084 3640 aegri
1105 3559 1160 3614 ta-

155 3681 265 3748 men,
287 3661 317 3731 si
330 3657 427 3729 nihil
446 3659 548 3730 aliud
565 3684 680 3757 quam
700 3657 950 3758 frequentiam
966 3659 1160 3756 pulsuum,
1261 3661 1264 3667 ’

195 4035 240 4114 lt)
262 4036 338 4094 Seet.
354 4036 402 4094 cit.
418 4035 482 4094 obs.
499 4054 545 4110 19.
