2816 4668
149 489 217 538 mr.
245 489 284 538 11.
313 490 359 539 nn
384 489 521 540 uonnrs
545 473 739 557 rnoaacrs,
764 467 876 572 nrrsr.
903 497 1001 547 xxvi.
1030 481 1099 563 [tls

4 635 8 680 r
98 599 235 677 iisdem
251 605 408 703 aliisque
427 605 681 695 adstantibus,
698 607 750 680 sic
768 610 904 681 inveni.
927 615 1001 684 Cor
1021 627 1100 685 erat

97 745 276 819 parvum,
296 733 469 796 caeteru'm
485 739 521 795 et
536 723 764 822 pinguedine
784 728 1008 801 instructum
1032 755 1099 828 op·

4 851 5 860 ’
96 841 198 911 umas
211 855 325 930 notai,
338 855 377 913 et
387 841 487 914 sanis
496 839 690 939 firmisque
704 899 713 928 ‚
730 858 766 916 et
781 847 884 944 quod
899 847 944 918 ad
959 849 1098 920 ventri·

96 957 226 1030 culum
245 959 434 1030 sinistrum
452 959 603 1047 attinet,
623 959 720 1035 bene
734 966 865 1036 crassis
881 967 1097 1062 parietibus.

4 1113 8 1154 1
94 1074 199 1146 Nihil
214 1077 254 1146 in
272 1100 319 1147 eo
338 1075 463 1149 aliisve
491 1074 604 1166 ca'vis,
636 1078 730 1148 nibil
762 1081 801 1150 in
834 1084 978 1181 magnis
1005 1073 1098 1154 vasis

96 1188 167 1264 fuit
195 1194 399 1291 sanguinis,
423 1219 503 1265 non
524 1194 609 1267 dico
629 1194 753 1283 fluidi,
775 1198 841 1270 ‘sed
863 1213 908 1271 ne
930 1201 1098 1271 concreti

4 1351 8 1392 ἰ
96 1309 273 1406 quidem,
293 1311 433 1382 nedum
448 1311 630 1411 polyposi.
649 1316 743 1385 Sana
755 1303 934 1413 praeterea
952 1318 1098 1406 omnia,

4 1469 7 1512 2
94 1427 128 1498 si
148 1427 284 1500 limbos
297 1431 459 1526 excipias
473 1431 701 1502 valvularum
721 1457 803 1529 qnae
817 1433 1042 1532 tricuspides
1060 1446 1098 1505 et

7 1592 9 1611 .
95 1545 262 1618 mitrales
277 1545 473 1633 dicuntur,
490 1549 631 1644 quippe
640 1563 744 1618 totos
760 1551 941 1644 parvulis,
965 1549 1096 1621 subro-

4 1707 8 1750 ;
91 1661 240 1748 tundis,
261 1663 368 1759 quasi
384 1664 536 1746 carneis
547 1661 755 1734 tuberculis
765 1663 978 1747 distinctos,
992 1665 1097 1761 glan-

5 1827 8 1868 ;
91 1779 201 1850 dulas
215 1778 494 1854 mentientibus.
516 1779 587 1852 Sed
604 1778 682 1852 baec
698 1781 876 1850 nimirum
892 1779 994 1850 haud
1016 1805 1099 1851 rara

94 1911 202 1985 sunt,
222 1897 316 1993 quin
329 1896 456 1968 multis
465 1897 542 1991 jam
558 1899 598 1968 in
615 1897 840 1995 corporibus
851 1898 918 1969 tibi
931 1897 1097 1995 descrip-
1146 1991 1150 1998 Ι

4 2077 7 2108 ,
93 2029 143 2086 ta.
166 2018 260 2086 Cum
272 2015 388 2111 igitur
404 2037 471 2086 cor
491 2014 538 2085 ad
560 2013 664 2086 hunc
687 2014 840 2086 modum
863 2039 900 2086 se
924 2013 1100 2103 haberet,

4 2187 5 2226 3
93 2156 221 2228 neque
238 2131 277 2200 in
297 2130 377 2202 aliis
390 2155 473 2228 quae
493 2132 564 2229 ipsi
578 2155 723 2205 annexa
742 2147 850 2218 sunt,
874 2133 969 2204 vasis
988 2131 1098 2228 quid-

4 2305 7 2350 ,
94 2273 211 2346 quam
234 2262 374 2320 extaret
399 2264 533 2346 praeter
564 2266 756 2339 naturam3
783 2272 856 2322 una
870 2263 1096 2347 supererat,

5 2457 6 2468 ἵ
95 2389 208 2462 quam
233 2365 675 2463 perlustrarem,‘arteria
695 2392 840 2464 magna.
868 2367 983 2463 Cujus
1011 2391 1098 2438 cum

5 2543 6 2584 3
93 2502 182 2554 eum
195 2498 356 2554 tractum
376 2485 624 2582 aperuissem,
639 2485 705 2581 qni
724 2484 770 2594 ad
789 2484 954 2557 thoracis
975 2499 1096 2556 verte-

90 2597 323 2672 brasaffirus
333 2597 464 2690 fuerat,
474 2601 715 2698 albidamqrte
726 2601 910 2674 maculam
921 2604 1096 2700 primum,

91 2715 230 2788 deinde
248 2719 364 2816 longo
382 2743 494 2817 supra
512 2718 610 2790 hanc
632 2715 1028 2809 intervallo,'alteram
1053 2746 1096 2791 ea

47 2913 50 2920 ¹
90 2835 275 2931 majorem
288 2833 592 2909 etllavescentem
604 2836 861 2925 adnotassem,
876 2836 994 2909 loturi
1004 2837 1095 2908 ol'rm

93 2954 187 3026 ossis
200 2952 359 3041 iudicia3
377 2951 583 3050 oblongam
602 2955 667 3026 sed
681 2955 866 3037 modicam
882 2955 1098 3050 prominen-
1126 2942 1135 2968 '

92 3069 186 3140 tium
210 3071 349 3168 pariter
365 3071 524 3142 interius
549 3071 644 3158 vidi,
669 3093 753 3168 qua:
767 3072 900 3142 arteria
919 3069 1097 3140 deorsum

93 3201 262 3284 spectare
280 3186 499 3286 incipiebat,
515 3211 560 3258 ex
579 3186 740 3257 naturali
758 3185 910 3284 quidem
927 3185 1097 3258 snbstan-

89 3304 163 3392 tia‚
184 3303 248 3375 sed
265 3307 381 3402 ipsam
402 3305 556 3375 minime
569 3305 775 3376 secundum
792 3319 975 3376 naturam.
987 3305 1099 3376 Dein·

93 3419 142 3492 de
152 3436 355 3518 antequam
368 3423 513 3520 aperire
526 3421 684 3494 ulterius
700 3445 914 3520 pergerem,
930 3422 1097 3494 animad-

92 3539 207 3626 verti,
226 3537 274 3610 ab
298 3561 341 3610 ea
361 3539 448 3612 sede
467 3541 569 3612 unde
595 3542 780 3613 sinistram
804 3542 1096 3613 emittit'caroti-

93 3651 181 3726 dem
193 3651 310 3741 ferme
329 3656 375 3728 ad
396 3680 462 3728 cor
479 3682 618 3756 usquer,
638 3656 809 3755 magnam
826 3658 999 3729 arteriam
1018 3681 1096 3730 esse

93 3771 215 3843 multo
232 3797 345 3870 quam
368 3791 560 3874 oporteret
585 3775 768 3849 latiorem.
787 3779 895 3862 Mox,
909 3799 952 3847 ea
964 3775 1097 3846 dissec-

92 3902 147 3976 ta,
164 3893 343 3987 conspexi
356 3907 436 3964 toto
448 3891 522 3963 hoc
535 3893 662 3990 amplo
679 3908 800 3964 tractu
817 3917 894 3988 qno
907 3891 1095 3964 dilatatam

92 4001 205 4079 luisse
231 4006 328 4096 dixi,
349 4012 448 4082 intus
468 4033 636 4108 asperam
650 4025 686 4084 et
699 4007 921 4108 inaequalem
940 4007 995 4082 ob*
1009 4009 1098 4105 rigi·
