2816 4668
158 507 226 555 nra.
254 508 294 554 11.
322 503 369 556 na
394 503 531 555 nonnis
556 503 892 571 ruonac1s,n1³1sr.
918 507 1000 554 xxv.
1029 483 1104 582 393,

89 635 218 695 tenter
242 619 447 718 distinguit.
471 621 531 692 Sic
549 619 597 691 ab
615 623 760 691 Joanne
783 621 1021 694 Saltzmanuo
1043 649 1104 707 or.-

88 740 226 812 dr'nata
236 741 432 837 fibrarum
450 740 570 834 juxta
594 752 733 809 certum
758 738 1000 812 directionem
1027 743 1103 814 dr'r·

78 863 248 958 positia,
268 864 420 945 merito,
438 855 565 952 judice
585 855 695 926 etiam
716 856 760 927 cl.
787 859 925 930 Creilio
942 859 1103 960 (1)‚pro

86 973 310 1048 charactere
324 979 408 1047 veri
422 979 513 1045 ossii
530 973 806 1071 suppeditatur.
824 980 1019 1065 (Quantum
1033 979 1103 1077 igi·

84 1109 154 1168 tur
178 1093 321 1166 adhoc
344 1108 494 1192 tempus
521 1091 722 1164 ohservare
751 1096 874 1192 potui,
904 1121 984 1165 non
1013 1096 1104 1169 licet

84 1211 187 1284 mihi
202 1235 288 1284 cum
305 1212 394 1283 viris
407 1210 633 1284 doctissimis
646 1208 766 1284 facere
782 1213 849 1309 qui
863 1237 949 1284 vera
968 1236 1049 1286 ossa
1060 1215 1101 1285 in
1123 1195 1133 1206 η’

85 1331 241 1402 arteriis
256 1331 517 1428 potiusquam
543 1330 582 1400 in
608 1330 852 1428 mapingibus
875 1345 1100 1430 agnoscunt.
1131 1355 1134 1364 ’

83 1451 134 1518 In
148 1446 207 1519 his
223 1463 353 1520 autem
372 1473 452 1520 non
465 1447 589 1520 solum
607 1448 705 1518 intra
723 1451 913 1536 cranium,
928 1450 1102 1522 sedintra

84 1565 349 1638 vertebrarum
363 1590 519 1664 quoque
529 1565 679 1652 tubum,
688 1564 816 1661 ibique
829 1568 867 1634 in
882 1568 960 1664 ipsa
971 1567 1102 1639 arach-

85 1682 226 1771 noide,
250 1683 355 1780 quod
379 1683 509 1754 nescio
538 1705 586 1752 an
613 1680 693 1752 aliis
718 1696 827 1752 antea
847 1682 1046 1770 acciderit,
1073 1687 1103 1756 si

31 1891 34 1895 .
86 1825 172 1872 non
187 1824 248 1889 os,
270 1816 308 1872 at
328 1801 439 1889 ossis,
463 1814 507 1870 ut
525 1813 641 1896 pute,
656 1797 968 1870 inchoamentum
991 1824 1104 1872 cons-

86 1919 187 2018 pexi.
204 1918 351 1989 Scilicet
359 1917 461 1990 ineo
475 1940 584 2002 sene,
605 1915 664 2011 cuj
671 1939 714 1987 us
733 1915 895 2013 pleurae,
913 1941 960 1987 an
982 1941 1102 1990 mem-

89 2036 222 2108 branae·
232 2034 360 2108 adnati
376 2034 592 2133 pulmonis,
607 2033 809 2131 quamdam
833 2049 979 2133 partem
997 2037 1103 2108 inve-

89 2154 133 2224 ni
149 2177 316 2239 osseam,
336 2166 379 2222 ut
399 2151 469 2222 alia
486 2150 642 2250 epistola
655 2151 709 2250 (a)
723 2151 769 2222 ad
787 2166 823 2224 te
838 2153 991 2250 scripsi,
1014 2179 1102 2225 cum

89 2269 264 2343 medullae
284 2268 459 2367 spinalis,
482 2270 521 2339 in
540 2293 606 2341 sua
619 2268 706 2342 sede
724 2295 744 2340 a
759 2285 865 2368 tergo
880 2285 1029 2342 retecta
1042 2273 1101 2342 in·

88 2401 309 2485 tegumenta
346 2386 522 2460 studiosis
555 2402 748 2460 anatomes
780 2388 1099 2480 demonstrarem,

89 2504 319 2604 diductaque
357 2527 478 2578 crassa
509 2507 702 2603 meninge,
735 2520 887 2578 tenuem
928 2508 1028 2578 inter
1061 2524 1101 2580 et

88 2623 359 2696 arachnoidem
385 2647 510 2696 aerem
531 2624 787 2713 immisissem3
811 2625 850 2696 in
878 2624 960 2696 hac*
976 2650 1014 2698 se
1037 2641 1095 2697 to·

87 2757 167 2813 tam
193 2741 408 2829 attollente,
434 2741 657 2840 particulam
684 2742 932 2815 animadverti
958 2742 1101 2815 modici

88 2857 296 2932 cucurbita
329 2859 481 2931 seminis
519 2856 641 2931 forma
673 2875 711 2930 et
740 2858 1021 2956 magnitudine,
1058 2862 1098 2930 in

86 2991 343 3050 transversum
366 2977 545 3074 locatam,
572 2976 758 3063 alhidam,
775 2979 853 3072 jam
873 2973 990 3048 ferme
1008 3001 1098 3075 opa-

87 3119 193 3184 cam,
217 3092 359 3176 cet-‚facie
382 3095 561 3166 interiore
584 3093 827 3191 subasperam
845 3117 887 3162 ac
903 3093 1099 3190 evidenter

86 3213 325 3310 inaequalem.
346 3217 430 3284 Haec
448 3211 556 3284 lateii
573 3212 731 3284 sinistro·
743 3211 921 3310 propior,
939 3211 1098 3286 undeci-

85 3329 440 3430 mae·respondebat
464 3327 631 3402 thoracis
658 3325 864 3402 vertebrae:
892 3351 963 3400 nec
989 3332 1097 3427 quid-

86 3471 205 3547 quam
222 3447 408 3544 ejusmodi
422 3449 462 3518 in
478 3447 617 3520 caeteris
630 3445 870 3546 meningibus
880 3446 1095 3545 apparebat.

84 3569 231 3638 Verum
250 3564 310 3637 his
327 3565 467 3652 missiS,
485 3563 606 3638 tribus
631 3564 810 3637 Valsalvae
838 3561 1095 3637 defectionum

127 3942 172 4020 (ι)
193 3943 266 4000 Oba.
282 3942 319 3998 de
331 3953 387 3998 art.
400 3957 505 4000 coron.
519 3939 604 4000 cord.
616 3939 721 3998 instar.
734 3957 794 4000 oss.
809 3937 909 3998 indur.
923 3959 952 3996 n.
963 3957 993 4015 9.

128 4057 172 4144 (a)
193 4059 287 4132 xxi,
304 4077 335 4116 n.
352 4075 400 4116 aa.
