2816 4668
163 498 230 544 mc.
258 499 297 546 11.
326 499 372 545 oa
398 497 533 544 morare
559 496 751 562 aucarum,
777 497 889 547 amsr.
917 500 999 546 xxv.
1027 481 1093 562 411

93 607 303 686 connatum
316 611 521 709 intelliges:
537 633 756 708 quanquam
767 625 892 684 autem
907 612 964 684 vel
975 613 1101 684 miuus

94 729 289 802 credibilis
304 729 468 816 videtur,
489 731 629 827 quippe
646 731 685 800 in
703 755 817 819 sanc,
833 747 989 830 repente
1006 749 1104 800 mor·

97 861 168 920 tuo
183 903 194 936 ,
213 847 425 921 observatio
442 848 559 920 altera
576 847 848 948 (1)pericardii
855 904 866 937 ‚
882 842 1102 922 contineatis

97 967 356 1038 membranam
376 965 516 1055 cordis,
532 967 997 1066 parenclzymatispcnitus
1014 991 1106 1038 con-a

98 1089 238 1182 sumpti
255 1083 352 1172 loco,
365 1089 546 1181 sanguine
561 1089 769 1181 m'gricante
784 1083 978 1184 repletanu
991 1084 1104 1183 quid·

99 1201 196 1300 quid
209 1216 335 1278 tamen
350 1201 596 1291 verihabeat,
608 1201 711 1274 haud
722 1202 809 1290 alia,
822 1205 976 1302 opinor,
988 1227 1110 1300 quam

99 1321 223 1418 prima
234 1319 457 1392 illarationo
468 1318 726 1418 explicabitur.
739 1319 812 1394 Sed
829 1337 962 1419 practer
974 1323 1106 1394 sectio·

100 1461 168 1509 nos
187 1439 282 1513 istas.
298 1437 390 1510 duas
414 1441 468 1509 IX
484 1441 587 1527 arx,
607 1439 647 1509 in
669 1437 1003 1535 quibushactenus
1020 1463 1109 1535 per-

99 1556 340 1654 quisivimus,
367 1555 457 1631 alias
487 1559 568 1627 csse
597 1581 680 1652 quac
711 1555 993 1628 obser-vationes
1018 1556 1109 1636 alias

1 1723 2 1730 κ
98 1670 295 1770 proferant
311 1674 468 1744 ulcerati
492 1671 636 1760 cordis,
655 1673 812 1742 minime
829 1672 984 1760 dubim,
1002 1687 1038 1742 et
1051 1673 1116 1754 'oro

99 1807 209 1890 parto
231 1795 319 1864 scio.
348 1797 392 1862 ln
415 1790 553 1890 quibus
571 1807 697 1864 tamen
718 1815 806 1862 cauo
826 1782 1003 1862 numeres
1027 1813 1109 1886 quaa

1 1947 3 1975 1
100 1909 201 1982 libro
217 1913 253 1998 Ι,
272 1923 358 1982 sect.
376 1913 427 1997 11,
444 1907 670 2007 producitur
685 1908 755 1981 sub
772 1933 874 1978 num.
888 1911 951 1978 IX.
966 1911 1110 1977 Fucum

1 2070 3 2073 >
100 2029 204 2099 enim
225 2027 454 2098 Blancardus
472 2025 558 2098 fecit
576 2031 743 2114 Bonet0‚
761 2029 885 2124 ipsum
901 2051 972 2123 pro
982 2023 1110 2096 obsor-

1 2174 3 2195 ³
103 2147 444 2217 vationisauctore
468 2147 508 2217 in
532 2137 676 2216 scholio
696 2143 862 2216 habenti.
892 2144 1031 2215 Eadem
1054 2157 1109 2214 ost

104 2253 207 2331 eniin
229 2287 287 2350 re,
315 2263 561 2352 non-verbis,
578 2287 620 2333 ac
636 2263 750 2338 altera
777 2263 823 2333 de
849 2261 996 2339 duobus
1026 2287 1108 2360 qum

4 2430 6 2440 .
104 2401 217 2476 supra
245 2377 299 2477 (a)
318 2404 339 2450 a
358 2380 487 2468 nobis,
517 2394 555 2452 et
577 2405 597 2451 a
622 2385 766 2452 Boneto
785 2381 883 2476 jure·
897 2381 1108 2478 meritoque

1 2530 6 2574 ς
104 2497 245 2568 tributa
262 2498 411 2568 Riverio
427 2504 498 2585 est,
517 2523 561 2570 ex
572 2523 648 2595 quo
659 2500 821 2597 primam
832 2499 1109 2597 quoquetacite

1 2674 6 2688 .
102 2628 300 2712 sumptam
311 2613 539 2688 Blancardus
552 2614 610 2714 (3)
631 2618 839 2714 proposuit.
858 2617 929 2688 Sed
945 2641 1030 2687 cum
1048 2615 1111 2686 illa
1147 2619 1149 2624 ’

101 2732 259 2830 insuper
282 2757 398 2830 quam
421 2749 508 2832 post
531 2735 745 2807 Riverianas
771 2735 1112 2823 consideravimus3

2 2885 4 2909 ι
104 2849 208 2921 haud
240 2843 347 2952 aliter
379 2854 453 2950 ogit
473 2875 480 2922 ε
499 2868 540 2924 ut
567 2853 676 2926 valdo
702 2856 889 2952 suspicer,
920 2879 998 2922 uon
1033 2877 1110 2921 uno

103 2968 191 3042 loco
210 2985 247 3040 ot
266 2973 429 3076 Roriam,
461 2986 507 3042 et.
520 2963 709 3070 plerisque
727 2972 827 3058 aliis,
858 2964 1007 3040 etmihi
1034 2966 1112 3038 for·

2 3127 3 3134 κ
102 3099 199 3158 tasse
216 3088 450 3185 imposuisse.
473 3093 607 3187 Itaque
625 3089 800 3175 homine,
820 3088 1010 3158 utveteris
1023 3111 1114 3183 poe·
1178 3149 1184 3162 .

103 3219 150 3275 tae
166 3204 220 3301 (4)
234 3203 352 3277 verbo
364 3221 459 3295 utar,
469 3197 727 3303 versutiloquo
742 3205 899 3276 dimisso
909 3205 1114 3293 ‚certiores

106 3337 280 3394 auctores
298 3347 518 3420 quaeramus.
702 3322 711 3335 '

146 3650 191 3729 (1)
211 3655 286 3728 Eph.
302 3656 339 3710 N.
354 3655 387 3711 C.
401 3656 464 3712 dec.
481 3675 511 3727 r,
524 3659 561 3713 Δ.
579 3656 613 3729 6,
626 3658 691 3715 obs.
707 3656 763 3730 25,
786 3661 818 3715 et
829 3657 861 3714 in
874 3655 1028 3734 Sepulchr.
1048 3659 1068 3713 l.
1083 3674 1116 3725 a,

107 3774 131 3811 s.
148 3772 201 3823 11,
219 3755 285 3810 obs.
304 3772 353 3810 αι.

147 3850 191 3929 (a)
212 3855 250 3908 N.
271 3872 317 3910 20.

150 3951 195 4028 (3)
215 3956 302 4008 Anat.
318 3965 412 4028 praet.
429 3955 494 4010 obs.
508 3959 555 4019 40.

97 4079 100 4088 ’
146 4049 190 4128 (i)
210 4051 299 4130 Apud
312 4053 405 4112 Cicer.
421 4054 458 4112 de
470 4053 553 4112 Orat.
566 4054 586 4110 l.
605 4053 633 4118 3.
