2850 4668
162 447 236 494 rin.
262 447 304 493 11.
332 447 379 493 ou
403 443 539 493 uouars
563 443 758 509 ruouacrs,
784 447 895 520 musa.
922 421 996 496 xxi.
1050 453 1094 525 77

84 558 359 632 benderim.In
374 560 489 632 altera
507 555 630 630 falcati
641 582 838 656 processus
853 557 945 634 facie
958 564 1095 636 ossicu-

85 680 165 756 lum
196 677 275 750 fuit
306 677 480 750 abnormi
511 675 659 774 figura,
693 675 758 747 sed
786 676 942 774 planum
956 681 1095 778 'potius

84 823 200 897 quarn
216 821 414 896 asperum,
435 795 515 866 uon
533 794 816 883 tenuissimum,
830 798 1094 893 ,magnitudine

83 911 655 1012 haud-mquansuuguemdigiti
667 912 823 987 minimi.
834 912 910 984 Sub
919 917 1094 1015 meninge
1145 923 1146 930 ’

82 1035 189 1106 tenui
219 1035 264 1104 iu
291 1029 519 1104 anfractibus
550 1028 731 1126 quiddam
758 1030 934 1126 gelatinoe
964 1034 1108 1107 instar,

82 1157 152 1222 Per
176 1175 266 1224 eam
285 1149 504 1246 meningem
529 1141 830 1246 sanguilerorum
853 1172 1031 1220 vasorum
1055 1166 1111 1237 et:

83 1267 262 1368 plerique
281 1266 407 1338 trunci
421 1261 664 1361 turgidiores‚
682 1277 719 1335 et
732 1264 880 1335 minimi
889 1269 1091 1340 ramusculi
1104 1333 1107 1340 ,

82 1385 222 1480 passim
239 1379 650 1477 manifesti.Sanguine
668 1403 823 1476 quoque
847 1379 1093 1456 abundabant

82 1502 107 1570 ii
128 1503 200 1598 qui
221 1513 314 1571 sunt
330 1501 371 1570 in
387 1497 560 1596 plexibus
584 1495 844 1582 chornidibuS,
873 1513 910 1568 et
934 1501 998 1595 qui
1022 1526 1091 1598 per

83 1616 330 1716 oblongatam
348 1615 552 1690 medullam
572 1631 737 1713 repunt:
759 1641 830 1686 nec
853 1614 985 1688 crebra
1001 1616 1089 1692 dee-

80 1751 166 1808 rant
195 1735 403 1832 sanguinea
426 1747 565 1831 puncta
588 1731 818 1830 ubicumque
842 1732 988 1806 cerebri
1011 1759 1110 1808 me-·

82 1851 227 1924 dullam
249 1875 403 1922 secares.

127 1970 189 2041 36.
213 1968 370 2039 Juvenis
393 1989 513 2036 annos
539 1979 649 2036 natus
670 1964 717 2036 ad
741 1965 873 2062 viginti
898 1966 1104 2064 quinque„

77 2085 266 2182 pallidula
282 2082 397 2174 facie,
417 2099 453 2155 et
470 2085 535 2181 qui
552 2083 702 2155 strumis
715 2097 849 2173 wantea,
868 2107 911 2153 ac
929 2107 1089 2158 venerea

78 2225 262 2300 quoque,
283 2216 326 2272 ut
346 2199 510 2290 aiebant,
533 2200 595 2272 lue
614 2199 863 2290 laboraverat,
881 2223 969 2272 cunr
988 2225 1009 2272 a
1027 2203 1086 2278 ni·

78 2321 175 2408 mio,
196 2333 242 2390 ut
254 2333 333 2391 erat
349 2315 528 2406 famulus,
543 2332 651 2389 motu
668 2317 902 2405 incaluisset,
925 2317 1085 2394 horrore

81 2451 115 2506 et
142 2433 252 2508 febre
285 2451 479 2534 correptus
507 2449 563 2509 est
591 2461 678 2508 cum
709 2434 840 2508 dolore
867 2451 1082 2534 pungente,

81 2577 195 2648 quem
214 2569 297 2626 toto
318 2547 435 2627 ferme
449 2568 622 2653 pectore,
639 2553 792 2652 proprie
810 2552 928 2642 dicto,
945 2555 1112 2672 sentire.
1145 2540 1150 2549 ’

82 2695 117 2744 se
132 2673 300 2763 dicebat,
313 2675 431 2772 magis
443 2688 569 2745 tamen
579 2673 626 2744 ad
640 2673 828 2746 inferiora,
840 2677 962 2748 Dorso
971 2675 1082 2748 etiam

82 2764 251 2881 dolebit,
269 2793 346 2864 imo
366 2793 543 2865 universo
561 2794 730 2891 corporis
752 2791 917 2880 ambitu,
935 2807 978 2864 ut
997 2792 1083 2864 ubi-

33 2933 36 2940 ’
83 2929 244 3006 eumque
260 2924 449 3008 tangeres,
463 2908 516 2980 ibi
532 2908 703 2980 dolorem
717 2911 800 3007 ipso
820 2924 959 2982 attactu
968 2934 1083 3006 auge-

82 3023 281 3098 ridiceret.
294 3025 459 3114 Cubare,
479 3027 550 3098 nisi
563 3027 604 3096 in
628 3026 801 3114 dorsum,
817 3051 895 3096 non
919 3041 1079 3123 poterat.

82 3141 209 3217 Pulsus
222 3159 304 3218 erat
316 3142 494 3242 frequens
509 3159 546 3216 et
563 3169 724 3242 parvus:
741 3145 819 3245 sitis
837 3143 957 3230 nulla,
979 3145 1081 3216 calor

82 3255 251 3353 internus
264 3287 272 3330 ε
285 3263 481 3360 respiratio
491 3259 675 3334 difficilis:
695 3276 802 3359 sputa
813 3259 974 3332 ssuidaet
986 3260 1078 3337 rufa.

83 3374 217 3462 Quarta
233 3379 360 3451 morbi
383 3380 445 3452 die
469 3380 603 3452 biliosa
627 3379 771 3475 dejecit.
795 3383 934 3452 Octava
957 3362 1082 3454 autem

84 3513 165 3564 cum
179 3499 342 3569 multum
357 3499 570 3588 minuisset,
587 3497 789 3594 lethalique
805 3497 942 3573 sudore
955 3499 1081 3571 made·

84 3623 155 3696 ret,
167 3611 261 3684 obiit
278 3615 374 3686 circa
384 3615 501 3686 finem
512 3613 682 3711 ejusdem
696 3614 770 3686 diei
784 3616 824 3686 in
837 3618 1080 3703 Bononiensi,
1136 3600 1138 3605 ³

86 3727 184 3817 quod
201 3733 336 3830 saepius
357 3735 664 3820 memoravimus,
683 3735 925 3820 nosocomio,
942 3733 989 3804 ad
1006 3757 1081 3806 me-

86 3834 183 3915 dium
201 3849 417 3944 januarium
436 3852 526 3922 anni
544 3851 647 3948 1706.

130 3961 172 4032 In
190 3965 353 4042 thoracis
375 3991 466 4038 cavo
488 3967 641 4042 dextero
662 3951 788 4040 serum
809 3963 1024 4052 turbidum,
1046 3977 1084 4034 et

518 4193 531 4224 0
