2850 4668
289 513 336 562 20
443 510 491 558 DE
517 505 663 558 SEDIBUS
687 507 731 553 ΕΤ
756 505 880 556 causls
904 499 1114 558 MORBORUM

284 625 359 697 tius
375 621 544 695 conferas
559 621 657 692 inter
669 644 726 707 se;
738 643 786 690 an
800 617 967 716 ejusdem
981 623 1056 694 sint
1066 619 1210 713 morbi,
1225 649 1287 698 ve·

284 743 481 817 hementer
493 737 703 811 dubitabis:
719 762 937 836 quanquam
950 765 1021 812 nec
1035 741 1120 814 satis
1129 741 1182 812 illi
1196 766 1286 814 con·

281 863 440 934 veniunt
451 860 550 930 inter
562 881 610 929 se.
628 859 722 927 Nam
740 856 1023 954 potulentorum
1035 859 1205 930 omnium
1219 884 1286 932 vo-

282 980 433 1064 mitum,
445 975 593 1068 urinam
607 973 815 1061 turbidam,
829 975 1051 1072 intenseque
1064 975 1285 1064 rubentem,

281 1123 303 1168 a
319 1095 410 1168 tussi
435 1093 564 1192 capitis
587 1091 757 1164 dolorem
776 1105 940 1180 tantum,
961 1107 1004 1162 ut
1020 1091 1094 1164 hoc
1113 1093 1288 1190 videatur¹

280 1215 320 1284 in
333 1227 457 1311 partes
474 1210 652 1298 dissilire,
671 1209 842 1281 dolorem
857 1209 947 1280 item
959 1212 1083 1283 omnis
1098 1209 1285 1301 thoracis,

278 1345 317 1404 et
328 1327 497 1429 quaedam
512 1327 582 1398 alia
591 1352 672 1424 quae
686 1325 959 1423 Sydeuhamius
971 1330 1285 1425 proponit,Boer-

277 1446 432 1549 baavius
457 1471 505 1516 ne
531 1455 714 1514 memorat
732 1441 911 1539 quidem:
933 1443 1010 1522 imo
1031 1444 1071 1514 in
1089 1446 1201 1516 urina
1222 1448 1284 1518 vix

277 1563 420 1662 aliquid
432 1557 534 1634 und'e
546 1559 756 1634 timendum
774 1561 838 1650 sit,
852 1563 1011 1659 spectari
1026 1549 1176 1636 indicat.
1191 1568 1284 1636 Con·

275 1697 351 1770 tra,
371 1681 482 1753 docet
502 1681 598 1778 ipse,
613 1692 843 1776 prostratum
856 1701 935 1750 esse
948 1680 1027 1774 jam
1045 1679 1134 1752 inde
1146 1679 1194 1752 ab
1211 1681 1281 1753 ini-

275 1802 330 1872 tio
349 1823 502 1872 omnem
515 1795 592 1870 fere
601 1797 717 1868 animi
737 1809 898 1883 motum,
912 1795 1105 1887 videlicet,
1120 1813 1163 1894 ut
1174 1823 1281 1872 men-

274 1918 322 1990 tis
338 1916 555 1990 Boerhaavii
568 1915 740 1986 conscius
752 1914 809 1985 vir
822 1913 1087 1987 celeberrimus
1097 1914 1280 2015 interpre-

247 2085 249 2088 -
274 2049 392 2125 tatur,
415 2032 687 2108 hebetudinem
715 2055 794 2104 esse
820 2031 1028 2121 insolitam,
1054 2031 1147 2104 dum
1167 2035 1280 2108 nullis
1359 2023 1361 2030 ⁵

274 2153 352 2228 fere
362 2153 478 2224 animi
489 2149 656 2221 motibus
666 2149 826 2248 amplius
838 2147 1056 2222 afficiuntur
1069 2151 1161 2224 tales
1169 2155 1277 2251 aegri,

274 2259 482 2366 sensusque
505 2281 697 2357 externos,
724 2281 761 2339 et
778 2267 950 2343 internos
973 2283 1150 2368 torpere:
1172 2269 1278 2368 quod

273 2391 315 2464 in
338 2385 591 2486 Sydenhamio
612 2382 748 2456 frustra
769 2410 920 2482 quaeras.
946 2390 1051 2460 Inter
1074 2402 1278 2486 utrumque

274 2522 401 2580 autem
414 2504 610 2591 convenit,
622 2504 652 2574 si
661 2503 776 2600 paulo
785 2499 1008 2594 habitiores,
1018 2519 1055 2577 et
1068 2507 1199 2596 crassi,
1214 2521 1279 2578 aut

275 2625 307 2697 si
327 2622 515 2721 pituitosi,
533 2617 679 2717 frigidi,
697 2619 925 2710 catarrhosi,
941 2621 1152 2720 liquoribus
1169 2625 1278 2724 spiri-

273 2741 410 2828 tuosis,
424 2738 502 2808 vini
519 2737 678 2812 maxime
702 2737 868 2835 spiritui,
889 2739 973 2836 plus
991 2765 1100 2837 aequo
1125 2741 1198 2813 sint
1214 2741 1277 2812 ad·

276 2858 383 2946 dicti,
396 2871 460 2927 aut
472 2854 651 2926 ebrietate
666 2856 706 2924 in
727 2856 858 2953 primis
883 2881 904 2928 a
920 2857 1041 2930 valide
1060 2857 1277 2932 calefacien-

273 2975 396 3063 tibus,
414 2996 478 3046 eos
488 2979 569 3072 'prae
587 2963 728 3044 caeteris
746 2972 821 3045 hoc
837 2974 973 3047 morbo
989 2978 1128 3074 corripi
1145 3005 1153 3046 ε
1172 3001 1277 3050 nunc

273 3092 514 3179 incalescere,
534 3115 638 3161 nunc
656 3087 811 3188 frigere,
828 3116 893 3165 seu
905 3094 1006 3191 vagis
1023 3093 1276 3193 horripilatio·

228 3285 230 3292 ,
274 3209 388 3282 nibus
405 3205 529 3278 affici:
555 3206 711 3280 anhelos
727 3233 824 3296 esse,
848 3210 924 3280 sive
945 3211 1116 3308 spiritum
1141 3211 1276 3284 crebro

274 3350 319 3399 ac
331 3325 500 3397 celeriter
517 3323 678 3399 ducere:
700 3327 982 3422 oppressionem
999 3329 1180 3426 pectoris,
1200 3329 1275 3402 sive

274 3443 499 3543 pulmonum
512 3443 804 3514 coarctationem
819 3467 899 3526 nou
916 3441 1059 3515 deesse:
1070 3429 1142 3517 nec
1155 3469 1275 3518 unum

272 3575 338 3632 aut
352 3559 509 3630 alterum
531 3583 612 3656 quae
629 3584 718 3629 mox
742 3558 1028 3656 perpendemus.
1055 3565 1165 3634 Nunc
1184 3565 1214 3635 si
1233 3587 1276 3634 ea

269 3680 313 3752 in
333 3675 472 3773 quibus
489 3674 567 3746 duo
580 3676 641 3748 isti
658 3674 795 3746 medici
809 3665 1023 3773 peritissimi
1042 3692 1122 3758 tum
1136 3677 1274 3752 discre-

272 3809 381 3895 pant,
398 3807 480 3862 tum
501 3791 733 3862 conveniunt
748 3792 847 3863 iuter
857 3815 910 3876 se,
932 3816 1017 3863 curn
1037 3795 1082 3868 iis
1104 3793 1274 3867 conleras

274 3936 356 4007 quae
372 3931 443 3979 nos
464 3907 747 4006 descripsimus,
767 3910 935 4006 sciasque
950 3924 1127 4008 praeterea
1143 3911 1274 3983 Vallis-

271 4027 370 4100 uerii
382 4023 547 4098 colorem
558 4023 757 4122 optimum,
767 4024 985 4099 adstrictum
996 4024 1272 4116 habitum‚lau-
