2816 4668
175 472 242 520 crs.
270 474 311 520 11.
339 473 385 520 on
412 471 547 518 nonnis
572 470 769 538 rnontcrs,
793 474 905 526 musr.
925 477 1006 524 xxv.
1035 460 1101 546 lor

163 585 215 657 15.
233 585 443 658 Monachus
462 609 549 686 cum
568 585 648 656 aliis
666 585 890 660 valetudinis
907 591 1109 662 incommo-

104 703 187 790 dis,
205 719 286 802 tum
309 705 424 774 animi
439 703 641 812 praesertim
661 699 935 778 defectionibus
958 707 1108 786 conflic-

107 833 231 908 tatuS,
244 820 395 892 vivendi
417 817 531 890 finem
549 816 696 904 fecerat.
710 821 963 894 Pericardium
978 825 1110 901 inven-

105 950 190 1006 tum
205 952 260 1009 est
271 962 367 1035 aqua
379 937 545 1036 plenum,
560 949 596 1006 et
613 934 719 1006 cordi
731 951 776 1006 ex
787 953 892 1034 parte
906 963 1109 1011 annexum:

103 1078 131 1124 a
150 1055 272 1126 cordis
289 1061 413 1129 autem
438 1077 621 1128 mucrone
639 1077 776 1150 magna
797 1053 945 1152 hydatis
968 1049 1112 1154 pende'·

105 1171 185 1243 bat.
237 1267 240 1276 Ι
918 1235 920 1240 .
966 1155 968 1159 ’
1068 1153 1072 1160 ’

166 1290 218 1360 16.
241 1295 293 1360 Ex
310 1291 430 1388 ruptis
444 1286 687 1386 hydatidibus
703 1283 864 1372 humore
884 1289 1023 1394 effuso,
1051 1318 1113 1391 pe-

105 1406 263 1478 ricardii
281 1406 493 1504 hydropem
512 1405 594 1477 fieri
608 1461 618 1495 ‚
633 1405 721 1477 alibi
735 1409 794 1504 (1)
815 1389 961 1501 anobis
972 1437 1097 1484 memo

106 1539 232 1596 ratum
270 1540 346 1613 est,
372 1527 472 1596 inter
508 1532 656 1596 caeter'as
687 1525 799 1618 hujus
828 1527 954 1598 morbi
985 1551 1111 1618 causas

103 1643 207 1716 hanc
222 1667 373 1740 quoque
384 1639 665 1738 recipientibus.
677 1643 800 1730 Quam
811 1667 899 1714 sane
916 1646 1015 1718 ineo
1030 1673 1112 1718 mo-

109 1761 236 1834 nacho
256 1762 380 1830 locum
394 1757 569 1839 habuisse
594 1757 795 1830 verisimile
808 1775 887 1848 est,
906 1761 986 1831 aliis
1007 1779 1115 1836 antee.

111 1877 356 1974 hydatidibus
382 1876 582 1974 disruptis,
610 1876 690 1972 ejus
714 1876 898 1976 similibus
918 1905 999 1976 quae
1018 1881 1116 1952 inte-

112 2020 180 2094 gra
197 1996 307 2067 etiam
328 2010 406 2064 tum
421 1993 595 2065 restabat.
618 1997 713 2068 Cum
729 1993 901 2093 hydrope
912 1972 1041 2091 'autem'
1051 2022 1117 2095 pe·

109 2116 261 2188 ricardii
277 2117 479 2212 conjuncta
492 2115 697 2212 aliquando
712 2139 791 2186 esse
817 2116 1005 2215 deliquia,
1028 2121 1116 2192 mis-

111 2261 158 2329 sae
180 2234 228 2306 ad
250 2250 286 2305 te
307 2233 453 2333 alias(2
434 2232 471 2328 α)
499 2232 777 2304 observationes
803 2236 1018 2308 ostendunt.
1044 2239 1117 2312 Sed

115 2378 202 2424 cum
220 2351 307 2422 hac
305 2375 385 2423 eam
396 2351 630 2449 potissimum
642 2349 833 2446 conferes,
851 2378 933 2449 quse
949 2358 1116 2452 superio·

112 2470 219 2542 ribus
233 2469 365 2540 litteris
380 2469 432 2564 (3)
450 2494 495 2539 ex
511 2468 679 2540 Valsalva
697 2469 1115 2568 descripta‚.pericardii

112 2587 223 2684 simul
245 2586 454 2684 hydropem
474 2573 646 2662 exhibet.
663 2587 780 2674 simul,
792 2588 971 2683 quasdam
986 2590 1035 2660 ad
1048 2615 1115 2662 cor

109 2704 344 2800 alligationes
362 2727 448 2774 cum
473 2702 591 2798 hujus
612 2705 806 2774 mucronis
829 2703 1111 2800 impedimento.

107 2821 270 2902 Alterius
288 2820 433 2918 generis
449 2843 528 2889 non
544 2820 623 2890 leve
640 2819 876 2891 obstaculum
893 2822 1017 2895 cordis
1034 2849 1114 2894 mo·

105 2940 164 3008 tui
181 2936 431 3036 deprehendit
449 2937 548 3006 intra
562 2935 812 3032 pericardium
826 2942 1024 3034 Lanzonus
1039 2939 1112 3035 (4),

94 3081 199 3142 ¹cum
219 3054 363 3128 feminae
388 3053 545 3126 cadaver
566 3052 749 3124 incideret
767 3077 788 3122 a
808 3050 997 3148 frequenti
1026 3079 1113 3154 syn-

105 3197 205 3272 cope
220 3189 393 3258 mortuae,
411 3187 487 3242 tres
511 3170 684 3240 videlieet
702 3167 911 3239 subvirides
931 3171 1114 3274 calculos²

95 3317 272 3396 'quorum
281 3316 379 3364 unus
393 3315 435 3362 ea
449 3288 519 3362 fuit
530 3285 785 3388 magnitudine
796 3301 837 3358 ut
853 3305 1015 3384 sequeret
1024 3315 1114 3388 pon·

103 3409 181 3508 dus
198 3409 396 3480 unciarum
409 3407 579 3478 duarum.

213 3725 306 3798 Epist.
324 3723 376 3790 16,
392 3730 454 3789 ml

209 3825 303 3899 Epist.
320 3825 384 3880 ead.
401 3842 432 3879 n.
448 3824 502 3894 43,
515 3834 543 3878 et
557 3823 670 3892 XXIV
685 3842 714 3877 n
730 3823 777 3892 34.

210 3919 288 3980 Ibid.
304 3944 335 3978 n.
347 3944 376 3978 n.
833 3999 836 4008 .

213 4024 618 4138 Ethdeec3A7
634 3970 761 4092 obs.25.
