2816 4668
327 471 398 568 390
490 493 536 540 nn
563 491 709 542 sunteas
731 495 928 544 unnuusts
952 495 1166 548 nonnosum

325 624 409 681 tum
431 607 578 720 habere,
591 631 669 679 non
689 611 832 707 potuit,
856 625 922 682 aut
943 613 975 684 si
992 611 1143 703 habuit,
1163 615 1260 714 quod
1276 615 1311 688 de

327 739 446 814 noto,
465 747 537 798 nec
557 727 734 798 mendiou
749 725 905 800 homine
921 732 1048 828 potius
1072 731 1206 821 credo,
1219 733 1254 804 iu
1271 733 1311 806 lo.-

324 867 415 916 eum
426 859 463 916 et
477 859 630 944 tempus
647 845 903 942 opportunius
915 847 954 919 id
973 849 1148 923 distulit:
1166 851 1262 948 quad
1276 853 1311 924 si·

248 950 250 962 ’
327 961 545 1050 cubifecit,
559 987 604 1037 aa
625 961 797 1060 perutilis
821 962 903 1038 iore
930 967 1081 1040 videtur
1104 968 1260 1044 historia
1278 969 1311 1040 ad
1378 951 1379 1002 t

324 1079 511 1181 quasdam
529 1079 630 1153 illius
655 1082 842 1181 meningis
864 1107 980 1172 usus,
1006 1083 1215 1183 dequibus
1235 1087 1311 1157 mul·

324 1214 407 1271 tum
423 1195 653 1298 disputatum
666 1213 721 1271 est
733 1199 804 1272 hac
818 1216 943 1290 aetate,
954 1218 1019 1275 aut
1031 1228 1077 1274 ex
1089 1221 1199 1302 parte
1212 1205 1312 1302 aliqua
1378 1239 1379 1288 3

324 1316 510 1406 tuendus,
527 1331 592 1388 aut
603 1319 764 1390 omnino
779 1317 1022 1416 abjiciendos.
1039 1321 1141 1393 Illud
1157 1307 1312 1421 praterea

324 1435 700 1508 animadvertendum
722 1453 798 1524 est,
815 1438 920 1534 quod
941 1441 1009 1512 etsi
1032 1463 1115 1512 ossa
1143 1442 1313 1538 meningas

324 1557 531 1653 pungentia
551 1555 659 1627 valde
684 1572 868 1646 noceant,
891 1558 1222 1656 quemadmodum
1243 1557 1313 1628 illud

326 1674 373 1745 de
394 1693 472 1771 quo
490 1675 662 1745 meminit
678 1677 810 1746 Petrus
831 1671 1004 1748 Bonellus
1021 1677 1095 1775 (1),
1119 1678 1245 1750 multia
1259 1699 1314 1748 cas·

321 1791 702 1890 pedemontanam,
722 1797 760 1862 in
780 1786 880 1864 dara
894 1810 1015 1866 matre
1031 1794 1311 1894 deprehensum,

325 1909 425 1981 unde
447 1909 597 1981 dolores
623 1931 724 2007 aeger
740 1915 875 2009 capitis
891 1909 958 1982 diu
975 1910 1270 2010 passus'fiaerat,
1288 1924 1312 1981 et

324 2028 470 2103 totsalia
483 2049 564 2100 assa
573 2027 808 2123 ejuscemodi
820 2027 901 2125 (2);
920 2045 1046 2102 tame-n
1062 2031 1137 2102 nisi
1150 2055 1193 2104 ea
1208 2029 1312 2112 furna,

327 2157 365 2217 et
383 2147 510 2244 positu
530 2147 624 2234 sint,
637 2161 679 2216 ut
695 2147 841 2244 possint
858 2149 1053 2246 meninges
1065 2171 1312 2248 compungere,

328 2279 391 2334 aut
405 2263 575 2360 pondere
594 2279 632 2368 et
649 2264 749 2335 mole
770 2280 877 2336 aucta
897 2265 991 2337 adeo
1002 2320 1012 2355 ,
1024 2281 1067 2338 ut
1081 2266 1256 2340 deorsum
1264 2279 1313 2334 tn·

325 2379 456 2451 hendo
476 2397 539 2452 aut
550 2381 777 2478 premenda,
796 2383 920 2454 sinum
932 2386 1141 2482 praesertim
1160 2385 1311 2481 aliquem,

326 2512 363 2568 et
382 2523 501 2596 ¹quem
532 2499 710 2589 diximus,
739 2497 858 2588 falcis,
885 2517 1029 2573 arctane
1060 2503 1232 2590 valeant,
1256 2499 1311 2570 fere

324 2615 498 2704 nulium,
526 2631 569 2687 ut
598 2616 688 2689 alias
713 2618 780 2716 (3)
807 2605 1043 2717 scripsimus,
1071 2622 1130 2691 sui
1156 2613 1310 2691 indicium

326 2749 412 2806 sunt
440 2734 651 2833 praebitura.
687 2739 717 2807 A
749 2736 890 2834 quibus
919 2753 961 2808 ut
990 2737 1095 2809 vides
1122 2753 1311 2835 quantum,

324 2855 433 2926 mitto
462 2877 625 2926 numero
654 2869 690 2925 et
717 2855 976 2954 magnitudine
1010 2870 1047 2926 at
1077 2853 1201 2928 souma
1224 2849 1311 2930 sinui

323 2989 360 3044 et
382 2971 470 3044 sede
489 2971 550 3042 illa
566 2972 823 3069 discreparent
840 2997 922 3070 quae
944 2997 965 3045 a
985 2973 1157 3046 Valsalva
1185 2976 1310 3044 inventa

325 3107 413 3163 sunt
426 3119 436 3181 ;
451 3093 501 3162 ita
516 3090 1058 3186 noliejusobservationial‘ias
1071 3092 1237 3190 objicene
1248 3111 1310 3186 qua

325 3233 411 3280 cum
430 3235 474 3280 ea
493 3233 573 3279 non
596 3209 669 3279 sint
684 3208 955 3306 comparandae.

372 3345 406 3424 9.
428 3332 551 3424 Atque
572 3327 715 3398 utinam
734 3328 796 3397 itta
813 3327 947 3399 saitem
963 3351 1046 3424 q‘uae
1062 3327 1159 3398 adeo
1174 3336 1306 3407 necant,
1378 3403 1379 3414 χ

303 3532 305 3536 Ι
325 3461 407 3515 ossa
428 3466 505 3514 non
526 3443 653 3514 minus
673 3459 794 3515 centus
811 3459 848 3516 et
871 3444 1080 3543 peculiares
1097 3469 1211 3542 quam
1227 3463 1308 3536 mag·

322 3577 408 3650 naS,
441 3565 497 3633 sui
526 3560 817 3659 significationes
849 3562 1071 3661 praeberent.
1105 3567 1243 3635 Verum
1265 3557 1307 3626 ha
1378 3659 1379 3666 ἵ

360 3865 405 3944 (1)
426 3865 502 3920 Hist.
520 3875 549 3920 et
562 3863 627 3921 obs.
641 3862 720 3918 med.
733 3862 820 3937 phys.
838 3873 915 3919 cent.
931 3871 963 3934 4,
982 3865 1045 3922 obs.
1058 3883 1108 3940 99.

361 3965 405 4040 (a)
425 3967 467 4021 Ut
482 3967 637 4039 Sepulchr.
650 3965 670 4018 1.
687 3982 756 4033 1⁵³·
770 3982 798 4034 1,
810 3963 876 4019 olis.
890 3953 956 4020 113.

360 4064 404 4140 (3)
425 4063 517 4138 Epist.
533 4065 566 4135 ¹3,
579 4075 611 4119 u.
624 4071 703 4119 aaut
714 4071 763 4118 ut.
799 4078 800 4088 ¹
