2824 4668
261 537 266 546 Ι
287 443 358 520 358
455 468 502 514 nn
529 464 676 518 sturnus
700 465 744 515 rr
770 463 895 512 crusis
920 465 1130 518 uoruouuu

285 579 474 666 attendas,
494 576 705 652 febricitare
728 577 950 664 videantur,
983 553 1106 676 eoque
1128 580 1278 654 amicus

283 699 414 798 peritis
431 699 625 794 magisque
638 695 779 769 timidis
790 696 947 770 medicis
959 697 998 766 in
1012 695 1154 774 lectulo
1171 721 1276 792 usque

283 830 321 888 et
337 839 457 912 usquo
476 814 728 900 retineantur,
742 835 829 890 curu
849 812 938 889 indo
956 814 1162 912 paularim,
1178 829 1219 890 ut
1233 814 1277 885 vi·

169 951 176 964 ·
282 957 344 1008 res
363 933 514 1018 sinunt,
529 931 833 1008 siconvalescere
847 930 1001 1028 quidem
1020 931 1201 1019 velimus,
1215 932 1276 1006 sint

283 1048 516 1125 extrahendi.
546 1047 726 1122 Pulsuum
745 1062 872 1124 autem
889 1047 1044 1122 durities
1064 1073 1195 1124 causas
1212 1048 1277 1145 ple·

282 1188 447 1263 rumque
464 1167 515 1238 itu
531 1163 647 1238 hahet
663 1163 896 1252 manifestos,
917 1181 959 1238 ut
974 1190 1046 1264 por
1058 1191 1098 1240 sc
1118 1181 1277 1264 pateant,

281 1298 483 1384 pateatque
508 1306 576 1358 our
594 1283 719 1354 minus
742 1283 782 1360 iu
808 1281 960 1362 senibus
981 1284 1027 1362 sit
1043 1282 1278 1368 attendenda,

282 1401 355 1475 nisi
372 1397 467 1475 forte
489 1415 553 1475 aut
570 1401 728 1480 nimium
746 1425 883 1498 magno
899 1401 961 1478 illu
981 1401 1047 1489 sit,
1065 1417 1133 1477 aut
1153 1401 1193 1474 hi
1208 1426 1276 1478 car-

281 1516 396 1593 nibus
427 1534 558 1592 contra
589 1543 632 1591 ac
661 1543 770 1592 senes
800 1519 972 1616 plerique
999 1518 1146 1610 solent,
1178 1522 1274 1594 etun

280 1662 385 1711 nunc
400 1636 658 1724 mollioribus,
676 1652 714 1714 et
732 1639 840 1734 quasi
852 1638 1001 1711 teneris.
1018 1638 1275 1736 Magnitudiois

282 1769 405 1826 autem
423 1755 601 1854 pulsuum
615 1756 645 1829 si
660 1753 781 1831 multo
797 1754 1075 1831 evidentissima
1087 1780 1197 1830 causa
1210 1780 1273 1829 nou

281 1888 393 1961 esset;
410 1899 455 1946 ex
480 1873 552 1946 illis
576 1875 714 1970 conjici
733 1890 862 1971 posset
886 1899 969 1970 quae
993 1898 1108 1970 supra
1131 1877 1174 1971 (1
1192 1874 1207 1970 )
1224 1873 1273 1944 hic

278 1989 353 2062 illic
368 1993 577 2094 attigimus,
599 2017 687 2070 eum
700 1991 747 2064 de
761 1993 952 2064 contrario
967 1992 1058 2064 vitio
1073 2015 1273 2090 ageremus:

282 2133 459 2237 uec‘vero
477 2110 616 2183 morari
641 2109 705 2180 hic
720 2123 847 2196 vacat,
869 2107 936 2183 ubi
953 2109 1192 2205 singulorum
1214 2109 1274 2184 dis·

281 2226 484 2296 criminum
520 2227 679 2312 cursim,
707 2241 750 2298 ut
774 2225 900 2314 video,
927 2225 1111 2323 quasdam
1141 2250 1273 2311 musas,

280 2367 362 2439 quae
375 2340 558 2416 faciliores
573 2344 684 2416 nobis
699 2346 896 2431 videntur,
918 2345 1025 2441 quasi
1036 2347 1199 2443 exempli
1209 2369 1273 2418 cru·

281 2483 341 2547 sa,
367 2459 596 2548 indicamus3
625 2459 749 2536 fontes
776 2464 876 2536 enim
903 2464 1198 2538 monstra-vinus
1223 2487 1272 2538 su-

278 2599 347 2674 pra
361 2574 434 2673 (2),
457 2576 559 2650 unde
578 2577 689 2677 longe
717 2595 754 2652 et
781 2580 911 2677 plura,
933 2594 970 2649 et
986 2580 1177 2653 exactiore
1195 2579 1271 2653 hou·

277 2695 370 2783 rire,
388 2718 473 2770 cum
491 2695 664 2786 libuerit,
690 2723 815 2795 queas.
833 2701 959 2773 Unum
980 2697 1074 2776 illud
1094 2721 1270 2776 nuncios·

278 2826 350 2899 tot,
368 2827 411 2889 ut
430 2812 477 2888 de
505 2814 688 2910 pulsuum
712 2813 950 2892 vehementia
968 2840 1191 2912 quaerumus
1209 2814 1271 2890 Etsi

279 2930 380 3002 enim
395 2956 478 3002 curn
498 2931 613 3002 verba
626 2929 782 3010 fecimus
792 2931 839 3005 de
854 2931 1032 3030 asphyxia
1045 2948 1083 3008 et
1097 2934 1147 3014 de
1159 2933 1270 3032 pulsus

278 3046 491 3138 debilitate,
516 3050 720 3124 nonnullas
743 3050 991 3125 indicavimus
1016 3075 1169 3138 causas,
1191 3073 1270 3148 qur·

277 3189 364 3236 rum
386 3168 565 3262 oppositu
586 3167 863 3242 vehementiam
888 3164 1024 3244 laniant
1042 3193 1194 3265 necesse
1209 3180 1270 3252 osu

277 3281 413 3354 accidit
433 3299 559 3358 tamen
587 3285 812 3381 aliquando,
842 3299 884 3362 ut
913 3285 1152 3362 vehementia
1182 3298 1269 3360 uota

275 3399 342 3486 sit,
362 3413 504 3470 etcum
524 3403 568 3472 iis
579 3403 781 3497 conjuncta
793 3455 802 3490 ,
816 3416 859 3474 ut
871 3402 1071 3500 peculiaris
1084 3403 1268 3498 ejusruust

273 3517 313 3586 in
328 3516 588 3605 cadaveribus,
603 3521 633 3588 si
643 3518 739 3592 forte
755 3519 825 3596 sub
841 3544 993 3598 sensum
1009 3520 1269 3617 caderetque·
1370 3559 1371 3570 κ

272 3633 391 3706 reuda
402 3658 480 3706 esse
492 3635 684 3711 videatur:
704 3636 809 3734 quod
822 3638 861 3708 iu
873 3663 918 3708 eo
932 3635 1090 3714 fecimus,
1098 3640 1178 3716 viro
1189 3691 1200 3726 ,
1212 3658 1265 3709 ou·

308 3915 353 3992 (1)
373 3919 414 3973 Ut
427 3937 457 3972 n.
474 3917 508 3976 15
521 3931 549 3977 et
562 3940 607 3997 19.

306 4014 350 4092 (c)
371 4019 409 4072 N.
430 4035 475 4072 12.
