2820 4668
752 11 985 178 xl

329 386 399 462 562
480 396 544 458 'ou
571 405 718 458 ssomus
743 407 788 456 ar
814 407 939 460 ctusrs
965 405 1166 461 uonsoauu

326 523 526 622 descripsit
550 522 618 596 cel.
647 521 820 597 Hallerus
844 519 927 618 (r).
951 525 1130 595 Caeterum
1154 548 1243 614 vera,
1259 535 1291 596 ut

324 644 365 737 in
384 642 598 740 plerisque,
625 639 799 744 docuisse
814 637 1030 712 Cardanum
1061 666 1144 713 cum
1160 644 1286 714 Severini

325 757 522 832 fatendum
541 771 597 830 est
616 784 623 827 :
642 757 720 828 imo
737 755 1002 830 vertebrarum
1027 759 1193 832 vitiosum
1212 761 1288 832 sitan

323 878 447 952 multo
461 875 807 974 frequentissimam
822 900 974 948 causam
987 900 1068 950 esse
1078 933 1089 966 ,
1098 894 1139 950 ut
1151 894 1289 952 costann

324 1011 363 1071 et
379 996 496 1068 sterni
510 1017 711 1096 perversus
725 993 871 1092 positus
887 1011 1161 1094 consequatur,
1183 1011 1213 1068 et
1229 995 1291 1066 alio-

322 1139 437 1204 rum,
463 1127 500 1184 et
528 1135 619 1183 meae
647 1126 788 1184 caeterae
815 1110 1025 1184 ostendunt
1051 1113 1291 1186 observationes.

323 1233 425 1324 Quas
455 1229 612 1302 intorsi
640 1231 722 1300 eam
745 1228 987 1328 potissimum
1012 1230 1202 1330 relegeris,
1216 1254 1292 1328 quan

326 1345 484 1447 epistola
507 1339 557 1418 Ν
584 1343 660 1442 (a)
683 1348 894 1444 proposui;
925 1346 1038 1418 simul
1064 1348 1252 1446 intelliges,
1270 1361 1294 1417 ut

325 1465 442 1564 spinae
477 1461 745 1536 distorsionem
778 1478 1003 1563 sequeretur
1036 1489 1117 1538 non
1153 1479 1295 1538 costarum

324 1581 462 1672 modo,
477 1581 615 1668 sterni,
634 1580 699 1653 sed
720 1581 941 1680 etplurium
960 1581 1126 1654 thoracis
1146 1597 1179 1656 et
1195 1581 1291 1653 venui

325 1701 544 1791 viscerum,
566 1721 608 1770 ac
628 1721 806 1770 vasorum
836 1699 1071 1798 incongruus
1090 1715 1127 1772 et
1146 1719 1295 1798 perversus
1347 1749 1348 1752 ,

325 1819 492 1916 positus,
526 1814 638 1887 simul
664 1815 867 1911 conjicies,
896 1826 1085 1914 quantum
1111 1843 1132 1890 a
1161 1826 1292 1889 consueto

326 1934 504 2008 aberrare
529 1931 734 2006 debuerint
755 1933 829 2006 situ
847 1958 934 2006 oum
953 1958 1040 2007 vasa
1061 1935 1132 2008 alia
1150 1936 1292 2016 tenuiora,

326 2068 369 2126 ut
379 2053 594 2124 thoracicus
606 2052 645 2122 in
655 2051 1048 2151 primis‘ductus,tum
1060 2049 1292 2154 nerviplurini,

327 2170 476 2270 aliaque
492 2169 745 2266 ejuscemodi,
767 2195 850 2268 quae
867 2172 1057 2270 sigillatim
1078 2172 1238 2272 persequi
1251 2189 1292 2239 nec

326 2303 500 2387 tempus,
515 2313 586 2362 nec
603 2287 731 2378 locus,
748 2313 874 2388 neque
889 2291 1130 2392 praecipuum
1146 2308 1225 2364 tunc
1237 2310 1294 2388 pro

328 2407 495 2506 positum
520 2421 695 2478 nostrum
722 2405 908 2480 sinebant.
936 2411 1055 2481 Porro
1081 2411 1189 2484 etiam
1213 2400 1293 2506 pracl-
1346 2495 1347 2502 ἵ

329 2521 560 2596 Helwichius
573 2523 629 2618 (3)
643 2523 794 2598 docebit
810 2579 820 2614 ,
837 2541 999 2626 quantas
1013 2527 1053 2598 in
1068 2519 1239 2628 angustias
1249 2520 1295 2591 dis
1346 2517 1347 2520 ’

331 2655 430 2716 torta
446 2654 660 2714 antrorsum
677 2643 786 2744 spina
804 2645 941 2716 omnia·
951 2645 1118 2722 thoracis
1140 2639 1290 2720 viscerain

331 2773 505 2834 matrona
519 2760 682 2858 quadam
694 2761 946 2862 compegisset
960 2790 971 2855 ;
990 2763 1229 2863 laudatusque
1240 2751 1295 2830 Hal·

331 2879 433 2952 lerus
451 2879 524 2976 (d),
537 2892 586 2976 ut
597 2878 711 2978 longe
726 2878 774 2951 ab
791 2903 859 2954 sua
876 2879 964 2954 sede
983 2880 1127 2956 dimota
1140 2893 1224 2956 esset
1233 2887 1295 2948 arte·

330 2998 386 3073 ria
401 3021 536 3096 magna
554 2997 595 3068 in
615 2997 732 3068 altera
743 2995 902 3088 femina,
916 2999 1024 3096 cujus
1040 3001 1186 3100 spinam
1197 2991 1295 3069 inaliat
1346 3003 1347 3060 ἰ

332 3137 375 3186 ac
393 3112 602 3186 secundum
622 3128 797 3186 naturam
810 3115 1006 3206 videmus,
1030 3119 1245 3218 serpentinas
1255 3106 1294 3176 lle·

332 3233 463 3304 xiones
482 3231 607 3330 gravia
620 3255 736 3306 onera
749 3233 1057 3326 incurvaverunt,
1072 3235 1206 3338 quibus
1217 3228 1294 3300 dorso

270 3426 274 3434 ,
333 3347 521 3450 gestandis
556 3351 670 3422 vitam
706 3349 839 3424 alebat.
873 3353 1071 3449 Ejusmodi
1090 3369 1217 3426 autem
1241 3343 1295 3416 titt

329 3535 1292 3574 u—-u——n--m‘

370 3666 423 3744 (ι)Ι
436 3666 548 3757 ppusc.
559 3663 675 3746 pathol.
686 3665 753 3726 obs.
770 3687 816 3726 ro.

369 3764 413 3844 (a)
434 3768 471 3823 N.
493 3767 539 3824 16.
1024 3837 1027 3846 γ

371 3864 974 3948 (3)Eph.N.C.oent.w,oba.32.⁴

373 3961 417 4041 (l)
436 3967 549 4042 Opust.
564 3967 656 4026 inodo
670 3967 721 4026 cit.
735 3969 801 4028 obs.
818 3988 865 4030 tt.
