2824 4668
1343 310 1344 370 l

271 393 343 492 376
383 424 386 435 ·
442 417 488 462 un
515 411 660 462 sasinus
685 411 729 460 ur
754 409 879 460 causis
905 409 1116 460 nonnonutt

164 599 167 606 .
271 545 309 603 et
326 526 706 626 colorapparuerint,
724 551 803 598 non
814 527 1137 624 proptereadecet
1149 545 1265 597 eorum
1345 570 1347 630 4

272 647 454 735 oblivisci,
462 669 549 742 ¹quae
564 645 758 742 superiore
772 644 1171 742 epistola(i)exposita
1182 658 1265 714 sunt.
1346 635 1348 730 l

274 765 347 838 Sed
365 764 415 836 ob
436 778 578 835 tantam
596 761 696 833 illam
715 761 801 834 dico
818 761 1056 834 dexterarum
1077 761 1203 833 cordis
1221 785 1268 831 oa-

274 907 430 956 vearum
448 881 715 954 dilatationem.
736 881 815 952 Nisi
830 881 932 952 enim
947 878 1078 953 fuisset
1092 880 1269 950 ventricu-

276 1001 336 1072 lus
360 999 422 1070 ille
449 998 610 1070 multum
642 996 837 1086 dilatatus,
865 999 1058 1094 ingentem
1087 997 1271 1070 continere

202 1179 212 1202 .
277 1119 470 1215 sanguinis
487 1117 633 1213 copiam
653 1140 731 1186 non
749 1116 952 1212 potuisset:
973 1139 1099 1212 neque
1123 1114 1272 1186 cumbis

277 1250 382 1306 tanta
399 1233 591 1330 sanguinis
619 1233 727 1330 copia
747 1229 936 1319 tumeret,
954 1255 1035 1302 non
1052 1255 1192 1330 magna
1209 1253 1273 1302 esse

279 1350 409 1448 potuit¹
429 1351 608 1448 proxima
629 1349 807 1422 auriculae
826 1349 1014 1438 dilatatio,
1040 1373 1128 1446 quac
1143 1351 1274 1421 tertiam

267 1467 375 1540 ‘adeo
402 1466 519 1564 ampli
544 1465 667 1538 cordis
684 1481 828 1564 partem
845 1481 1021 1563 aequaret.
1042 1465 1275 1564 Amplificatis

282 1601 408 1658 autem
432 1583 557 1657 cordis
582 1585 721 1673 caveis,
746 1609 826 1656 non
851 1584 1043 1656 insolitum
1072 1609 1156 1657 esse
1178 1584 1276 1654 animi

282 1699 512 1774 defectiones
525 1701 714 1790 accidere,
732 1715 869 1798 praeter
892 1699 1076 1772 Albertini
1093 1701 1150 1799 (a)
1164 1697 1277 1772 obser·
1359 1745 1360 1750 κ

282 1821 471 1909 vationes,
497 1819 578 1892 illas
601 1817 648 1892 ab
675 1817 957 1891 dilatationibus
984 1820 1194 1917 repetentis
1210 1843 1277 1916 spe·

286 1943 410 2008 cian'm
429 1937 592 2008 sandicis
604 1959 714 2008 venoe
730 1961 832 2010 cante
842 1990 854 2024 ,
876 1942 950 2008 ,σίνε
967 1935 1154 2009 auriculae
1174 1935 1278 2008 cordis

286 2054 453 2128 dexterae
472 2056 524 2126 sic
537 2069 578 2124 nt
591 2077 862 2151 nonnunquam
877 2062 916 2124 in
928 2079 1131 2152 syncopem
1153 2054 1279 2126 cordio

284 2165 570 2260 carn‘desinnnt,
587 2188 722 2269 praeter
748 2171 1053 2244 observationem
1074 2177 1125 2242 XI
1153 2198 1233 2270 qua
1248 2172 1278 2240 in

280 2291 452 2362 sectione
464 2292 499 2358 X
511 2304 566 2362 est
579 2287 836 2387 Sepulchreti,
851 2287 926 2360 huc
943 2291 1140 2379 attinente,
1156 2307 1193 2362 et
1207 2291 1279 2361 alias

285 2405 442 2482 fortasse
457 2407 708 2502 ejuscemodi,
725 2406 890 2504 denique
901 2422 1035 2506 praeter
1043 2407 1166 2498 illam,
1182 2431 1279 2505 quam

287 2522 377 2595 alibi
387 2549 542 2622 quoque
559 2524 885 2596 commemorandi
902 2526 1139 2598 occasionem
1162 2523 1280 2597 habuit

191 2679 198 2697 ·
287 2665 390 2728 mus,
405 2641 543 2712 Grassii
559 2640 626 2712 filii
647 2641 701 2739 (3)
720 2641 767 2712 de
782 2642 940 2714 muliere
960 2641 1195 2740 lipothymiis
1214 2665 1280 2712 cre·

286 2757 359 2830 bro
379 2757 626 2831 redeuntibus
652 2758 834 2848 obnoxia,
856 2785 939 2858 quae
956 2759 1131 2850 demum,
1150 2761 1211 2830 vix
1229 2756 1280 2828 ad·

285 2892 454 2948 vertente
486 2878 686 2976 quopiam,
715 2893 866 2948 mortua
891 2892 929 2949 et
952 2902 1025 2976 pro
1060 2877 1281 2976 apoplectica

286 2995 430 3084 habita,
460 2996 607 3066 nullum
627 3019 807 3093 usquam,
827 2995 899 3068 nisi
927 2996 966 3066 in
997 2995 1151 3072 dextera
1173 2992 1282 3067 cordis

284 3113 473 3200 auricula,
497 3114 628 3184 vitium
651 3110 977 3210 perscrutantibus
996 3112 1184 3202 exhibuit,
1203 3135 1281 3183 con·

288 3244 431 3301 suetam
450 3230 590 3302 molem
611 3231 670 3301 vel
688 3230 805 3328 duplo
822 3242 1043 3328 superante;
1060 3247 1197 3328 prater
1210 3229 1279 3322 bas,

286 3347 464 3444 inquam,
482 3347 785 3437 observationeS,
804 3348 1160 3446 ostenduntaliquae
1185 3349 1281 3434 etiam

289 3487 334 3534 ex
352 3466 510 3553 nostris,
527 3477 569 3534 ut
587 3489 668 3560 quae
691 3457 737 3537 de
755 3465 936 3537 cannabis
954 3468 1205 3537 carminatore
1228 3485 1280 3534 su-

325 3764 369 3842 (ι)
390 3765 429 3820 Ν.
443 3763 481 3820 30
493 3773 522 3820 et
532 3763 608 3820 aliis.

322 3863 370 3942 (a)
391 3865 557 3920 Comment.
571 3865 608 3920 de
619 3865 736 3920 Bonon'.
749 3865 798 3922 Sc.
810 3855 902 3924 Acad.
916 3875 989 3922 tom.
1006 3883 1036 3936 1,
1050 3863 1083 3919 in
1097 3859 1229 3940 opuscul.

327 3964 371 4044 (3)
390 3965 466 4040 Eph.
484 3967 522 4023 N·
537 3966 570 4021 C.
584 3975 661 4023 cent.
678 3964 713 4037 5,
729 3965 794 4030 obs,
813 3971 861 4032 at.
