2800 4674
315 479 383 554 1³2
457 501 503 550 na
528 495 674 553 samana
689 497 743 564 ,ar
767 495 890 554 cauus
915 495 1124 545 xonaonun

292 623 441 690 'autem'
454 612 545 684 dum
568 610 726 687 cadaver
744 625 852 681 antea
872 624 1104 697 moveretur,
1121 633 1192 708 per
1217 625 1314 684 arte-

308 739 403 806 riam
417 753 585 829 asperam
601 752 672 826 pus
684 725 920 829 erumpebat3
940 728 1137 822 quesitum
1150 742 1206 800 est
1219 754 1313 800 num

310 849 405 923 forte
421 873 466 919 ex
480 845 644 917 thoracis
657 867 748 914 cavo
757 869 826 941 per
833 865 948 942 poros
961 844 1095 917 tunicae
1107 843 1313 941 pulmonis,

309 991 357 1038 an
380 989 450 1062 per
473 963 583 1034 ulcus
600 985 678 1058 quo
698 960 776 1032 haec
794 975 890 1032 esset
909 983 1036 1048 erosa,
1061 961 1101 1030 in
1125 959 1314 1032 bronchia
1394 975 1395 1010 ³

308 1081 548 1183 pervenisset.
558 1078 640 1150 ded
661 1079 810 1150 nullum
833 1078 874 1148 in
893 1101 935 1150 ea
956 1075 1189 1173 deprehendi
1204 1079 1312 1156 ulcus
1394 1161 1395 1172 χ

308 1201 451 1300 potuit,
468 1212 652 1296 quantum
669 1220 739 1293 per
761 1193 1041 1269 intolerandum
1058 1192 1233 1268 foetorem
1255 1197 1311 1266 iu·
1394 1227 1395 1238 ¹

307 1318 458 1416 quirere
483 1315 626 1388 licitum
648 1310 732 1386 luit.
756 1315 887 1410 Neque
909 1335 995 1382 cum
1012 1311 1206 1410 pulmonis
1223 1339 1311 1386 con·
1394 1341 1395 1348 ¹

305 1451 423 1508 tracta
436 1430 926 1514 substantimdissecaretur,
945 1453 1125 1525 magnum
1138 1431 1242 1511 intus
1259 1431 1311 1501 ul·

306 1577 374 1627 cus
390 1559 583 1650 repertum
601 1563 677 1638 ests
695 1547 761 1620 sod
782 1545 977 1620 nonnullis
994 1560 1140 1620 tantum
1157 1548 1198 1618 in
1215 1549 1310 1620 locis

306 1672 439 1770 exigua
453 1667 661 1740 tubercula.
674 1652 829 1763 palmam
846 1664 952 1761 puris
972 1664 1120 1760 copiam
1138 1664 1310 1745 emitten-

303 1789 366 1861 tia.
384 1792 567 1880 Caeterum
591 1808 681 1856 sana
704 1798 783 1854 erat
798 1781 952 1880 pleura:
973 1780 1227 1880 pericardium
1245 1806 1309 1852 au·

303 1921 381 1980 tem
400 1929 497 2004 aqua
518 1904 684 2004 plenum.
1152 1983 1157 1992 ³

353 2049 385 2121 7.
413 2022 632 2121 optandum
651 2018 780 2090 fuisset
802 2033 845 2089 ut
861 2017 1024 2114 longiori
1043 2030 1080 2086 et
1103 2013 1328 2088 accuratio?

302 2143 336 2214 ri
354 2141 524 2217 examine
542 2137 760 2210 constitutio
784 2133 1011 2209 membranae
1029 2133 1224 2233 pulmonis
1246 2161 1308 2208 ex-

302 2257 445 2358 plorari
460 2269 609 2359 posset,
626 2267 668 2324 ut
684 2251 731 2322 de
748 2252 807 2321 via
825 2252 931 2349 puris
945 2276 1025 2321 non
1044 2266 1121 2323 tam
1140 2277 1161 2324 e
1178 2251 1307 2327 thora-

304 2376 357 2448 cis
375 2394 466 2446 cavo
476 2371 519 2442 in
532 2369 775 2468 pulmonem,
801 2391 947 2464 quame
967 2367 1147 2466 pulmone
1165 2369 1204 2441 in
1223 2368 1307 2440 tho·

302 2491 539 2567 raciscavum
548 2484 806 2582 statiualiquid
814 2485 954 2556 liceret.
963 2490 1058 2558 Cum
1067 2486 1168 2571 enim
1178 2485 1307 2584 pleura
1393 2461 1394 2474 ἵ

305 2631 395 2683 sana
411 2619 524 2685 esset,
541 2601 826 2700 relinquebatur
843 2617 885 2674 ut
900 2604 940 2672 in
955 2602 1049 2675 illud
1067 2627 1110 2674 ea
1125 2604 1232 2701 puris
1250 2628 1308 2681 co-

249 2777 252 2788 .
303 2726 367 2824 pia
378 2721 574 2796 excidisset
592 2746 613 2793 e
632 2720 824 2819 pulmone.
840 2725 885 2790 In
898 2745 977 2818 quo
991 2721 1059 2792 etsi
1072 2720 1180 2809 ulcus
1198 2722 1307 2790 mini·

303 2865 365 2917 me
382 2856 575 2941 repertum
598 2854 655 2910 est
674 2863 876 2936 magnum,
903 2837 968 2915 sed
992 2862 1108 2935 parva
1127 2838 1307 2911 duntaxat

193 3012 201 3031 .
302 2958 522 3046 tubercula,
540 2955 642 3030 unde
658 2979 731 3054 pus
747 2954 852 3052 quod
871 2979 891 3056 e
912 2953 1101 3026 cadaveris
1118 2979 1184 3026 ore
1199 2953 1307 3026 efflu-

302 3091 426 3165 xerat,
448 3075 599 3162 exiisse,
629 3087 667 3144 et
686 3071 875 3170 paulatim.
888 3071 933 3152 in
950 3070 1145 3145 bronchiis
1169 3073 1306 3144 collec-

278 3204 286 3215 '
302 3210 384 3268 tum
396 3217 474 3265 esse
491 3193 760 3278 existimemus3
777 3189 969 3288 pulmonis
979 3203 1104 3262 tamen
1114 3204 1305 3262 contracta

290 3310 525 3404 substantia,
553 3305 767 3395 abscessus,
796 3306 863 3403 qui
887 3307 927 3376 in
951 3328 996 3378 eo
1020 3321 1129 3380 antea
1150 3304 1304 3393 luisset,

302 3423 454 3504 caveam
464 3450 544 3496 non
554 3423 670 3496 m'odo
680 3425 888 3523 plurimum
899 3423 1070 3494 minuere
1081 3425 1225 3522 potuit,
1241 3421 1303 3496 sed

300 3548 417 3620 etiam
432 3542 753 3638 occulere.Neque
766 3542 867 3612 enim
877 3541 986 3614 sicuti
997 3542 1037 3612 in
1053 3542 1148 3630 vim,
1164 3539 1211 3614 de
1228 3564 1304 3639 quo
1392 3603 1393 3618 ,

299 3662 418 3765 paulo
434 3675 519 3733 ante
539 3657 612 3756 (1)
631 3657 774 3730 dictum
793 3673 866 3748 est,
886 3658 926 3730 in
945 3656 1020 3742 hoc
1037 3683 1193 3757 quoque
1214 3659 1304 3729 ado·

340 4035 486 4114 tout

217 4159 232 4196 ὅ
