2808 4664
299 447 369 524 258
462 469 510 518 nr
536 467 683 518 sununs
701 451 752 516 'rr
776 465 901 518 causis
926 467 1137 520 noseorum
1162 539 1169 549 ι

294 587 455 676 valeret,
476 583 686 656 cohibitum
702 581 842 656 scilicet
857 580 905 656 ab
915 581 1151 683 alligatione,
1167 600 1207 659 et
1220 611 1309 686 prte-

292 722 430 780 tereaa
449 704 604 775 materia
622 702 705 791 illa,
725 716 768 772 ut
789 725 914 774 serosa
931 717 1027 792 erat,
1042 703 1235 794 laxatum,
1266 723 1310 779 ut

292 823 495 926 purulenta
516 835 659 906 autem,
679 820 840 917 pessime
859 816 1054 911 affectum,
1072 822 1148 896 sive
1164 821 1248 895 haec
1264 851 1307 898 en

289 939 534 1044 pulmonibus
544 940 582 1008 in
595 937 918 1036 peripneumoniae
928 936 1305 1017 declinationetrans·

289 1063 363 1134 lata
389 1058 466 1129 huc
490 1055 628 1144 fuerat,
663 1056 740 1126 sive
770 1056 1087 1153 peripneumonia
1116 1049 1306 1133 babuerat

179 1177 182 1186 ⁴
290 1181 401 1252 etiam
411 1173 630 1275 pericardii,
649 1187 691 1246 et·
703 1171 932 1245 membranae
951 1172 1077 1246 cordis
1093 1174 1303 1250 inflamma-

286 1296 430 1370 tionem
456 1291 697 1388 conjunctam
719 1317 727 1360 :
748 1287 919 1387 quorum
934 1307 1062 1364 utrum
1081 1293 1301 1368 credibilius
1393 1323 1394 1330 ¹

289 1414 354 1501 sit,
373 1425 532 1511 propter
547 1433 680 1482 eorum
701 1433 784 1506 quae
802 1422 895 1481 tunc
907 1433 1049 1508 aegruur
1070 1409 1302 1504 afflixerant,

288 1547 326 1605 et
340 1555 421 1629 quae
437 1531 476 1601 in
486 1527 634 1599 mortui
650 1526 898 1626 pulmonibus
914 1529 1177 1625 apparuerint,
1193 1532 1302 1630 igno-

286 1651 485 1737 rationem,
495 1645 598 1718 haud
609 1645 738 1743 liquet.
753 1649 896 1720 Verum
911 1659 966 1717 est
976 1645 1152 1743 quidem,
1168 1651 1300 1724 utrius
1393 1653 1394 1660 ἶ

286 1795 378 1869 que,
393 1781 458 1840 aut
478 1765 631 1837 alterius
648 1764 796 1834 illarum
822 1761 1132 1836 membranarum
1148 1765 1296 1843 inflam-

166 1933 169 1940 ·
283 1863 488 1960 mationem
507 1897 700 1982 exceptam
717 1881 830 1958 fuisse
850 1907 930 1954 non
952 1884 1068 1956 semel
1081 1883 1144 1956 ‘ab
1156 1887 1294 1959 utrius-

282 2031 357 2105 que
373 2005 472 2076 inter
486 2027 524 2075 se
542 2003 681 2074 coalitu
697 2001 1109 2100 secundumRuyschii,
1122 2006 1291 2077 et‘Frein·

280 2117 332 2195 dii
342 2122 639 2208 observationes,
655 2118 914 2218 superioribus
925 2119 1292 2218 litteris(1)comme·

278 2255 451 2314 moratas.
470 2238 542 2311 Sed
557 2261 690 2308 verum
710 2253 766 2310 est
783 2263 956 2338 quoque,
983 2261 1109 2312 serum
1139 2244 1290 2332 crassis,
1328 2314 1337 2330 ,

278 2370 316 2430 et
333 2381 416 2454 quae
435 2354 541 2426 facile
561 2377 805 2428 concrescere
821 2357 985 2454 possint,
1009 2357 1209 2454 particulis
1224 2357 1287 2432 foe-

160 2549 162 2554 ,
275 2487 375 2561 tum,
387 2473 589 2572 saepeintra
603 2472 855 2570 pericardium
867 2473 1041 2572 exprimi,
1053 2497 1190 2550 eorum
1204 2503 1287 2576 prm

275 2591 402 2665 sertim
420 2591 487 2690 qui
502 2589 675 2662 laborant
693 2591 1031 2689 peripneumonia,
1052 2594 1165 2666 sicuti
1185 2597 1232 2667 ad
1249 2611 1284 2668 te

273 2709 491 2807 scripsimus
508 2708 597 2780 alias
611 2709 679 2806 (ι).
699 2713 754 2780 Ex
770 2709 956 2806 ejusmodi
976 2725 1102 2783 autem
1127 2737 1281 2786 concre‘

270 2827 457 2914 tionibus,
474 2827 504 2898 si
514 2841 665 2914 tenues,
681 2826 920 2925 disjectaque
933 2828 1039 2903 cordi
1053 2829 1280 2919 adhaereant,

270 2931 382 3046 posse
405 2943 504 3016 effici
520 2945 637 3015 instar
655 2942 841 3041 pilorum3
864 2947 895 3017 si
916 2947 1133 3046 constipata
1156 2964 1282 3023 autem

267 3066 308 3135 in
327 3088 448 3135 unum
465 3077 534 3152 aut,
545 3061 672 3160 plures
689 3063 797 3160 quasi
813 3060 930 3136 fasces
950 3065 1050 3137 inter
1074 3091 1143 3138 cor
1162 3083 1199 3140 et
1220 3093 1280 3166 pe·

266 3180 472 3252 ricardium
492 3179 702 3268 ducantur,
729 3178 813 3252 fieri
839 3205 950 3279 posse
982 3206 1105 3256 crassa
1129 3186 1279 3258 vincula

267 3295 362 3367 illud
379 3297 426 3366 ad
443 3297 518 3368 hoc
535 3297 743 3397 alligantia,
767 3297 926 3372 alterum
948 3301 1104 3397 quidem
1128 3303 1176 3378 ab
1193 3305 1278 3374 Rio·
1391 3311 1392 3330 ³

265 3413 354 3485 lano
369 3412 428 3513 (3)
445 3413 673 3506 indicatum,
692 3435 901 3516 utrumque
922 3433 1047 3492 autem
1061 3445 1132 3521 per
1149 3421 1275 3496 obser

315 3899 344 3976 a)
365 3899 459 3974 Epist.
481 3917 534 3969 ao,
549 3917 580 3954 n.
597 3899 645 3969 37.

314 4013 343 4089 3)
364 4014 568 4096 Anthropogr.
583 4015 603 4070 Ι.
619 4013 651 4086 3,
670 4034 695 4071 c.
709 4029 738 4087 7.
