2850 4668
170 417 236 465 ria.
261 417 304 466 u.
332 419 379 466 na
404 415 540 466 tronus
564 419 756 486 rnouscrs,
771 421 892 492 ¹musr.
920 429 993 474 xx1.
1046 411 1093 503 49

100 530 194 604 deris
219 533 318 604 intra
344 531 548 618 thoracem.
566 537 750 606 Neutrum
771 537 811 606 iu
832 537 929 612 latus
954 541 1093 632 cubare

99 648 237 722 licebat.
251 651 355 722 Missi
363 643 554 748 sanguinis
563 651 749 758 virescens
760 677 885 725 serum
894 657 1094 756 ,polyposa

100 781 237 856 crusta,
250 765 340 838 huic
358 781 491 858 autem,
506 766 673 863 subjecta
693 792 779 865 pars
799 769 945 868 reliqua
967 777 1093 872 nigre-

98 880 180 954 dine
192 882 433 973 fuitsumma,
447 899 484 956 et
499 883 647 956 duritie.
661 889 816 984 Sanguis
828 903 953 960 autem
971 893 1094 962 statim

99 1024 138 1070 ac
153 1000 265 1073 dolor
282 1002 436 1090 invasit,
455 1016 492 1072 et
508 1000 645 1073 deinde
667 1003 755 1078 alias
771 1019 884 1102 atque
901 1006 991 1080 alias
1006 1009 1095 1080 mis-

94 1140 153 1190 sus
174 1134 229 1191 est
249 1120 349 1215 justa
371 1119 479 1216 copia
498 1119 684 1216 ejusmodi
700 1123 740 1192 in
767 1146 947 1220 corpore,
970 1140 1055 1206 tum¹
1074 1153 1094 1199 e

97 1233 274 1326 brachiis,
291 1252 372 1307 tum
387 1237 482 1308 sicut
498 1234 560 1306 hic
580 1261 728 1334 semper
741 1240 780 1309 in
795 1236 944 1313 feminis
956 1243 1095 1346 solent,
1199 1333 1201 1338 ι

97 1353 189 1425 intra
204 1353 381 1426 eumdem
397 1353 497 1426 diem
511 1354 620 1426 etiam
634 1381 654 1427 e
669 1355 841 1454 pedibus.
859 1362 1095 1458 Nequeprae-

94 1485 190 1544 terea
198 1473 377 1548 omissum
386 1487 440 1544 est
448 1471 655 1570 quidquam
668 1499 801 1546 eorum
815 1501 896 1573 quae
909 1477 1095 1574 ejusmodi

94 1589 130 1660 in
138 1591 282 1664 morbis
290 1591 351 1664 hic
360 1590 574 1690 praestariut
582 1591 789 1688 plurimum
801 1611 1092 1688 consueverunt.

93 1710 263 1784 Attamen
287 1710 348 1781 die
371 1710 526 1782 ineunte
544 1711 719 1806 septima,
742 1726 977 1784 mortuaest.
1002 1716 1094 1804 Quae

93 1849 176 1898 cum
192 1852 264 1926 ego
283 1825 527 1913 audivissem,
547 1822 663 1896 fretus
679 1827 723 1896 iis
745 1851 828 1922 quae
848 1843 935 1922 post
954 1830 1093 1924 ejusce-

90 1942 194 2014 modi
206 1945 402 2039 signorum
413 1940 597 2038 praecipua
607 1963 755 2037 semper
766 1941 1002 2030 inveneram,
1019 1947 1095 2044 agi-

89 2073 145 2146 te,
165 2061 345 2156 inquam,
366 2070 513 2129 secetur
529 2054 704 2143 cadaver;
720 2055 846 2128 morbi
867 2073 1000 2132 natura
1016 2060 1120 2171 haec'
1209 2116 1213 2124 .

89 2175 198 2248 facile
215 2179 439 2274 reperietur,
451 2187 494 2246 ut
505 2174 544 2244 in
556 2171 803 2272 pulmonibus
818 2173 1024 2251 substantia
1033 2204 1094 2278 ap·

33 2368 43 2382 ,
89 2309 222 2394 pareat
235 2294 424 2390 jecinoris.

137 2417 183 2484 In
196 2411 352 2484 thorace
368 2411 582 2508 igitur,per
597 2407 816 2508 chirurgum
833 2426 983 2510 aperto,
996 2413 1093 2488 nihil

92 2528 159 2604 l'uit
170 2528 526 2616 effusihumoris‚et
536 2526 639 2598 nulla
647 2527 875 2625 pulmonum
888 2553 974 2600 cum
986 2531 1091 2629 pleu-
1121 2571 1123 2574 ·

89 2673 128 2720 ra
144 2650 358 2736 connexio,
372 2659 620 2746 praeterquam
640 2643 687 2714 ad
710 2625 806 2716 latis
822 2647 1042 2748 sinistrum,
1054 2665 1092 2722 et

89 2763 163 2838 haec
180 2766 337 2864 quidem
353 2787 478 2862 neque
492 2761 695 2834 arctissime
716 2787 841 2860 neque
859 2765 1021 2836 multum
1043 2765 1092 2840 ad

90 2883 260 2980 spatium.
286 2887 387 2954 Dum
412 2905 494 2952 eam
514 2879 763 2978 disjungeret,
793 2879 1091 2981 pulmonemque

87 3016 288 3099 propterea
314 3012 522 3098 premeret,
543 2995 632 3068 inde
662 3021 787 3070 serum
813 2999 1010 3070 turbidum
1036 2999 1090 3072 ef·

88 3112 209 3207 fluxit,
226 3141 304 3190 nec
322 3117 478 3188 omnino
497 3115 678 3214 paucum,
697 3140 745 3185 an
767 3140 812 3186 ex
829 3116 1028 3214 pulmone,
1048 3134 1093 3211 ut

88 3234 206 3307 visum
225 3250 295 3324 est,
305 3259 353 3306 an
370 3259 414 3305 ex
430 3233 630 3304 interstitio
640 3234 738 3302 inter
750 3231 854 3304 hunc
871 3250 907 3304 et
918 3233 1090 3333 pleuram

87 3351 181 3424 intra
200 3377 288 3440 oras
313 3349 559 3423 connexionis
578 3350 727 3438 relict0,
754 3375 799 3420 eo
823 3354 940 3450 magis
965 3355 1089 3428 incer-

85 3479 163 3540 tum
187 3468 276 3560 fuit,
297 3469 401 3569 quod
422 3467 476 3540 ibi
505 3447 732 3566 'necpulmo
762 3493 832 3540 nec
862 3471 994 3568 pleura
1023 3499 1096 3571 pe-.

87 3586 263 3660 culiarem
281 3587 398 3658 ullam
423 3585 672 3660 ostendebant
693 3586 906 3678 laesionem3
935 3590 999 3662 secl
1025 3591 1095 3662 ille·

86 3703 260 3795 subalba,
277 3704 519 3777 crassiuscula
539 3704 644 3800 quasi
669 3702 929 3776 membranula
943 3709 1096 3804 operie-¹

85 3817 212 3914 batur,
239 3823 393 3922 qualem
419 3845 513 3920 saepe
545 3821 586 3890 in
618 3820 876 3920 superioribus
901 3821 1066 3894 historiis
1077 3877 1096 3916 ,ἱ

86 3940 194 4014 etiam
224 3966 301 4040 qua
328 3939 462 4038 pulmo
494 3935 637 4010 solutus
674 3952 767 4026 erat,
796 3938 1095 4036 descripsimus,
1129 4007 1132 4016 Δ

155 4057 189 4130 3.
833 4057 916 4139 ·li
