2850 4668
302 474 350 557 44
467 494 514 539 ns
541 469 686 540 seorsus
710 491 754 538 ar
780 488 904 538 cauus
927 487 1137 536 nonnosum

302 604 554 703 pleuraesset,
566 619 609 674 ut
622 602 839 692 videbatur,
858 627 983 700 neque
996 616 1088 673 tunc
1099 601 1185 672 satis
1197 621 1314 671 conse

303 723 408 809 titui,
433 747 555 818 neque
581 713 685 792 nunc
709 745 780 818 pro
816 734 918 792 certo
947 718 1191 805 crediderim,
1216 740 1310 788 cum

302 835 695 911 membraniformium
705 838 874 923 illarum,
894 836 1090 935 dequibus
1106 859 1199 934 saepe
1217 833 1313 920 dixi,

304 957 590 1028 concretionum
608 957 710 1027 venit
726 957 766 1026 in
787 971 976 1028 mentem:
998 979 1091 1052 quas
1114 977 1239 1050 neque
1258 948 1313 1020 ad¹

304 1073 480 1171 pleuram
495 1095 619 1170 neque
647 1072 694 1144 ad
716 1073 916 1172 pulmones
939 1071 1117 1160 attinere,
1143 1094 1223 1140 non
1243 1091 1310 1140 sae-

304 1190 392 1287 pius
410 1189 542 1278 modo,
567 1214 652 1262 cum
672 1205 841 1263 recentes
858 1189 982 1262 adhuc
997 1201 1137 1276 essent,
1155 1201 1192 1258 et
1208 1185 1308 1256 mol-

304 1307 376 1395 les,
396 1306 460 1379 sed
477 1307 536 1379 vel
553 1322 795 1405 posteaquam
811 1307 923 1405 longa
940 1331 1062 1394 mora,
1077 1320 1114 1376 et
1133 1319 1307 1401 tempore

306 1425 447 1496 siccatae
461 1440 586 1514 erant,
603 1425 698 1494 mihi
714 1425 867 1497 evidens
883 1421 954 1497 fuit
973 1425 1013 1494 in
1030 1422 1225 1494 nonnullis
1243 1445 1308 1493 eo·

305 1566 390 1612 rum
417 1543 484 1640 qui
504 1541 550 1612 ab
574 1541 793 1638 hujusmodi
818 1541 959 1614 morbis
981 1541 1071 1612 olim
1096 1552 1312 1628 evaserant,

308 1657 571 1746 cadaveribus,
588 1658 691 1730 velut
705 1661 745 1754 in
759 1680 804 1730 eo
819 1658 940 1756 quod,
958 1683 1045 1730 cum
1063 1657 1141 1729 haec
1164 1655 1307 1728 seribe-
1341 1719 1343 1722 .

305 1798 404 1865 rem,
432 1775 671 1849 dissecabam.
704 1777 927 1849 Pulmonem
958 1779 1059 1849 enim
1089 1775 1313 1862 dexterum,

305 1894 375 1964 toti
393 1918 490 1990 pene
503 1894 626 1982 lateri,
643 1894 833 1992 dorsoque
850 1896 1024 1993 proximo
1041 1894 1197 1980 arctiuS,
1218 1891 1308 1962 nul-

304 2010 419 2109 loque
448 2012 580 2083 relicto
608 2013 806 2084 intervallo
836 2013 1112 2100 cohaerentem,
1140 2009 1308 2083 avellens

305 2152 393 2200 curn
407 2143 649 2226 perpetuam,
670 2119 869 2227 aeqbalem,
884 2113 1039 2218 siccam,
1054 2127 1209 2200 densam
1225 2140 1314 2198 toto

307 2247 353 2315 eo
375 2246 494 2342 spatio
513 2259 652 2318 restare
672 2246 930 2319 membranam
952 2245 1140 2335 viderem,
1159 2269 1242 2342 quae
1260 2243 1311 2318 ad

307 2361 550 2459 pulmonem,
567 2364 708 2462 quippe
726 2389 792 2438 sua
805 2367 950 2463 integra
961 2362 1181 2437 membrana
1195 2361 1307 2434 vesti·

307 2492 409 2566 tum,
425 2503 504 2549 non
520 2480 724 2571 attinebat,
739 2483 787 2556 ad
800 2483 968 2580 pleuram
979 2505 1132 2579 quoque
1149 2479 1307 2551 minime

307 2611 476 2693 spectare
491 2598 753 2689 animadverti,
764 2615 965 2699 propterea
982 2598 1087 2696 quod
1108 2598 1206 2670 hanc
1225 2621 1313 2668 om·-

305 2713 399 2784 nino
425 2714 574 2787 illaesam
597 2717 631 2788 ei
653 2716 805 2790 subesse
830 2715 1057 2788 membranae
1079 2715 1175 2802 vidi,
1191 2737 1308 2814 quam

306 2855 384 2900 uno
412 2845 534 2902 tractu
559 2857 638 2904 non
663 2831 814 2906 difficile
840 2848 1061 2932 sequentem
1083 2831 1306 2908 adimebam.

307 2946 379 3019 Sed
396 2947 443 3019 ad
460 2948 657 3022 mulierem
673 2965 714 3022 ut
730 2967 919 3040 revertar,
943 2966 1049 3023 erant
1063 2951 1143 3046 ejus
1158 2949 1309 3048 pulmo-

305 3089 373 3137 nes
400 3063 635 3156 inllammati,
661 3069 867 3164 praesertim
892 3069 940 3140 ad
962 3068 1189 3168 posteriora3
1218 3066 1308 3140 sub·

306 3185 479 3273 stantiam
496 3185 596 3254 enim
612 3185 861 3258 ostendebant
876 3187 993 3286 magis
1005 3185 1178 3275 densam,
1195 3199 1309 3282 atque

309 3299 564 3372 duriusculanr
575 3355 585 3391 ,
597 3317 633 3374 et
642 3303 781 3376 alicubi
793 3306 905 3376 etiam
914 3305 1171 3403 nigricantem.
1190 3305 1236 3372 In
1246 3325 1307 3400 pe-

305 3417 469 3498 ricardio
480 3417 674 3490 subrubrae
683 3445 806 3517 aquae,
818 3437 855 3493 et
869 3420 1029 3494 turbida.
1044 3424 1151 3520 copia
1170 3419 1310 3518 aliqua..

224 3603 225 3606 ,
307 3537 353 3632 Iu
375 3549 539 3632 utroque
558 3537 682 3609 cordis
705 3539 916 3611 ventriculo
942 3539 1131 3638 polyposae
1154 3563 1314 3611 concre-

307 3652 431 3723 tiones
459 3654 564 3750 quasi
595 3679 640 3724 ex
663 3680 775 3727 muco
802 3657 989 3754 quodam,
1022 3655 1149 3730 colore
1177 3655 1312 3728 album
1337 3683 1341 3692 ·
1369 3707 1372 3714 ·

306 3768 405 3839 inter
431 3783 468 3840 et
485 3768 624 3842 flavum
647 3773 784 3846 medio.
815 3775 940 3846 Cranii
965 3787 1112 3850 exsecto
1140 3771 1310 3864 fornice,

307 3885 378 3954 alia
405 3886 701 3982 ejusdemmodi,
728 3892 907 3990 exilisque
933 3895 1125 3968 concretio
1141 3894 1181 3964 in
1202 3917 1311 3992 supe·

306 4005 408 4078 riore
435 4002 538 4080 falcis
565 4009 668 4099 sinu,
684 4033 783 4110 aqua
807 4025 933 4084 autem
960 4010 1111 4090 modica
1135 4009 1206 4086 sub
1231 4035 1313 4088 me-
