<?xml version="1.0" encoding="UTF-8"?>
<!DOCTYPE html PUBLIC "-//W3C//DTD XHTML 1.0 Transitional//EN"
    "http://www.w3.org/TR/xhtml1/DTD/xhtml1-transitional.dtd">
<html xmlns="http://www.w3.org/1999/xhtml" xml:lang="en" lang="en">
 <head>
  <title>
</title>
<meta http-equiv="Content-Type" content="text/html;charset=utf-8" />
  <meta name='ocr-system' content='tesseract 3.04.00' />
  <meta name='ocr-capabilities' content='ocr_page ocr_carea ocr_par ocr_line ocrx_word'/>
</head>
<body>
  <div class='ocr_page' id='page_1' title='image "./desedibusetcaus01adelgoog_0524.png"; bbox 0 0 2820 4668; ppageno 0'>
   <div class='ocr_carea' id='block_1_1' title="bbox 142 435 1091 534">
    <p class='ocr_par' dir='ltr' id='par_1_1' title="bbox 142 435 1091 534">
     <span class='ocr_line' id='line_1_1' title="bbox 142 435 1091 534; baseline -0.001 -23"><span class='ocrx_word' id='word_1_1' title='bbox 142 463 210 511; x_wconf 82' lang='lat' dir='ltr'><strong>ma.</strong></span> <span class='ocrx_word' id='word_1_2' title='bbox 238 463 290 533; x_wconf 22' lang='grc' dir='ltr'><strong>ιι..</strong></span> <span class='ocrx_word' id='word_1_3' title='bbox 307 463 353 523; x_wconf 74' lang='lat' dir='ltr'><strong>na</strong></span> <span class='ocrx_word' id='word_1_4' title='bbox 379 455 733 528; x_wconf 76' lang='lat' dir='ltr'><strong>uonmsrnonacrs,</strong></span> <span class='ocrx_word' id='word_1_5' title='bbox 750 457 863 506; x_wconf 69' lang='lat' dir='ltr'><strong>amsa.</strong></span> <span class='ocrx_word' id='word_1_6' title='bbox 883 459 996 534; x_wconf 77' lang='lat' dir='ltr'><strong>xxrn.</strong></span> <span class='ocrx_word' id='word_1_7' title='bbox 1026 435 1091 528; x_wconf 75' lang='lat'><strong>541</strong></span> 
     </span>
    </p>
   </div>
   <div class='ocr_carea' id='block_1_2' title="bbox 2 571 1111 3734">
    <p class='ocr_par' dir='ltr' id='par_1_2' title="bbox 2 571 1111 3734">
     <span class='ocr_line' id='line_1_2' title="bbox 90 571 1100 659; baseline 0 -12"><span class='ocrx_word' id='word_1_8' title='bbox 90 578 247 649; x_wconf 87' lang='lat' dir='ltr'><strong>ineunte</strong></span> <span class='ocrx_word' id='word_1_9' title='bbox 264 576 339 648; x_wconf 83' lang='lat' dir='ltr'><strong>h&#39;oc</strong></span> <span class='ocrx_word' id='word_1_10' title='bbox 363 573 496 646; x_wconf 84' lang='lat' dir='ltr'><strong>saeeulo</strong></span> <span class='ocrx_word' id='word_1_11' title='bbox 517 571 683 659; x_wconf 90' lang='lat' dir='ltr'><strong>habitas,</strong></span> <span class='ocrx_word' id='word_1_12' title='bbox 702 596 788 642; x_wconf 84' lang='lat' dir='ltr'><strong>cum</strong></span> <span class='ocrx_word' id='word_1_13' title='bbox 804 572 936 644; x_wconf 88' lang='lat' dir='ltr'><strong>iisdem</strong></span> <span class='ocrx_word' id='word_1_14' title='bbox 958 576 997 644; x_wconf 92' lang='lat' dir='ltr'><strong>in</strong></span> <span class='ocrx_word' id='word_1_15' title='bbox 1016 599 1100 648; x_wconf 81' lang='lat' dir='ltr'><strong>cor·</strong></span> 
     </span>
     <span class='ocr_line' id='line_1_3' title="bbox 88 677 1099 793; baseline 0.001 -28"><span class='ocrx_word' id='word_1_16' title='bbox 88 694 251 793; x_wconf 91' lang='lat' dir='ltr'><strong>poribus</strong></span> <span class='ocrx_word' id='word_1_17' title='bbox 268 677 610 766; x_wconf 80' lang='lat' dir='ltr'><strong>osseas-bracteolas</strong></span> <span class='ocrx_word' id='word_1_18' title='bbox 624 705 706 762; x_wconf 90' lang='lat' dir='ltr'><strong>tum</strong></span> <span class='ocrx_word' id='word_1_19' title='bbox 724 692 763 760; x_wconf 91' lang='lat' dir='ltr'><strong>in</strong></span> <span class='ocrx_word' id='word_1_20' title='bbox 779 692 942 778; x_wconf 88' lang='lat' dir='ltr'><strong>arteriis,</strong></span> <span class='ocrx_word' id='word_1_21' title='bbox 962 707 1043 764; x_wconf 91' lang='lat' dir='ltr'><strong>tum</strong></span> <span class='ocrx_word' id='word_1_22' title='bbox 1058 695 1099 767; x_wconf 92' lang='lat' dir='ltr'><strong>in</strong></span> 
     </span>
     <span class='ocr_line' id='line_1_4' title="bbox 89 809 1099 910; baseline -0.001 -26"><span class='ocrx_word' id='word_1_23' title='bbox 89 812 305 910; x_wconf 89' lang='lat' dir='ltr'><strong>pericardio</strong></span> <span class='ocrx_word' id='word_1_24' title='bbox 337 811 525 908; x_wconf 83' lang='lat' dir='ltr'>conspexi.</span> <span class='ocrx_word' id='word_1_25' title='bbox 555 815 608 880; x_wconf 84' lang='lat' dir='ltr'><strong>Ex</strong></span> <span class='ocrx_word' id='word_1_26' title='bbox 633 823 668 880; x_wconf 90' lang='lat' dir='ltr'><strong>te</strong></span> <span class='ocrx_word' id='word_1_27' title='bbox 694 809 808 906; x_wconf 85' lang='lat' dir='ltr'><strong>igitur</strong></span> <span class='ocrx_word' id='word_1_28' title='bbox 836 835 983 906; x_wconf 84' lang='lat' dir='ltr'><strong>quaer0,</strong></span> <span class='ocrx_word' id='word_1_29' title='bbox 1005 837 1099 884; x_wconf 92' lang='lat' dir='ltr'><strong>num</strong></span> 
     </span>
     <span class='ocr_line' id='line_1_5' title="bbox 88 911 1111 1026; baseline 0 -24"><span class='ocrx_word' id='word_1_30' title='bbox 88 923 331 1004; x_wconf 85' lang='lat' dir='ltr'><strong>verisimilius</strong></span> <span class='ocrx_word' id='word_1_31' title='bbox 349 931 417 1014; x_wconf 86' lang='lat' dir='ltr'><strong>sit,</strong></span> <span class='ocrx_word' id='word_1_32' title='bbox 446 929 588 1026; x_wconf 84' lang='lat' dir='ltr'><strong>quaein</strong></span> <span class='ocrx_word' id='word_1_33' title='bbox 613 925 746 998; x_wconf 90' lang='lat' dir='ltr'><strong>iisdem</strong></span> <span class='ocrx_word' id='word_1_34' title='bbox 768 927 1013 1016; x_wconf 80' lang='lat' dir='ltr'><strong>cadaveribus</strong></span> <span class='ocrx_word' id='word_1_35' title='bbox 1037 911 1111 1002; x_wconf 35' lang='lat' dir='ltr'><strong>ean*</strong></span> 
     </span>
     <span class='ocr_line' id='line_1_6' title="bbox 89 1044 1099 1153; baseline 0 -33"><span class='ocrx_word' id='word_1_36' title='bbox 89 1049 179 1120; x_wconf 89' lang='lat' dir='ltr'><strong>dem</strong></span> <span class='ocrx_word' id='word_1_37' title='bbox 197 1073 275 1120; x_wconf 91' lang='lat' dir='ltr'><strong>esse</strong></span> <span class='ocrx_word' id='word_1_38' title='bbox 299 1048 411 1118; x_wconf 84' lang='lat' dir='ltr'><strong>variis</strong></span> <span class='ocrx_word' id='word_1_39' title='bbox 429 1044 660 1143; x_wconf 83' lang='lat' dir='ltr'><strong>inpartibus</strong></span> <span class='ocrx_word' id='word_1_40' title='bbox 683 1069 816 1116; x_wconf 90' lang='lat' dir='ltr'><strong>omnes</strong></span> <span class='ocrx_word' id='word_1_41' title='bbox 838 1045 1007 1153; x_wconf 81' lang='lat' dir='ltr'><strong>dicerent</strong></span> <span class='ocrx_word' id='word_1_42' title='bbox 1030 1050 1099 1146; x_wconf 90' lang='lat' dir='ltr'><strong>qui</strong></span> 
     </span>
     <span class='ocr_line' id='line_1_7' title="bbox 87 1163 1100 1263; baseline 0 -27"><span class='ocrx_word' id='word_1_43' title='bbox 87 1165 265 1238; x_wconf 83' lang='lat' dir='ltr'><strong>viderent</strong></span> <span class='ocrx_word' id='word_1_44' title='bbox 281 1181 318 1238; x_wconf 89' lang='lat' dir='ltr'><strong>et</strong></span> <span class='ocrx_word' id='word_1_45' title='bbox 332 1177 610 1236; x_wconf 84' lang='lat' dir='ltr'><strong>contrectarent</strong></span> <span class='ocrx_word' id='word_1_46' title='bbox 622 1163 662 1232; x_wconf 93' lang='lat' dir='ltr'><strong>in</strong></span> <span class='ocrx_word' id='word_1_47' title='bbox 682 1165 822 1234; x_wconf 71' lang='lat' dir='ltr'><strong>caeteris</strong></span> <span class='ocrx_word' id='word_1_48' title='bbox 841 1164 996 1261; x_wconf 91' lang='lat' dir='ltr'><strong>quidem</strong></span> <span class='ocrx_word' id='word_1_49' title='bbox 1015 1190 1100 1263; x_wconf 88' lang='lat' dir='ltr'><strong>par-</strong></span> 
     </span>
     <span class='ocr_line' id='line_1_8' title="bbox 88 1281 1102 1380; baseline -0.002 -24"><span class='ocrx_word' id='word_1_50' title='bbox 88 1283 194 1356; x_wconf 88' lang='lat' dir='ltr'><strong>tibus</strong></span> <span class='ocrx_word' id='word_1_51' title='bbox 211 1281 321 1354; x_wconf 81' lang='lat' dir='ltr'><strong>fuisse</strong></span> <span class='ocrx_word' id='word_1_52' title='bbox 339 1304 466 1370; x_wconf 81' lang='lat' dir='ltr'><strong>ossea,</strong></span> <span class='ocrx_word' id='word_1_53' title='bbox 489 1282 529 1350; x_wconf 89' lang='lat' dir='ltr'><strong>in</strong></span> <span class='ocrx_word' id='word_1_54' title='bbox 549 1281 693 1352; x_wconf 89' lang='lat' dir='ltr'><strong>arteriis</strong></span> <span class='ocrx_word' id='word_1_55' title='bbox 714 1281 802 1364; x_wconf 85' lang='lat' dir='ltr'><strong>solis</strong></span> <span class='ocrx_word' id='word_1_56' title='bbox 825 1282 1031 1380; x_wconf 88' lang='lat' dir='ltr'><strong>tophacea,</strong></span> <span class='ocrx_word' id='word_1_57' title='bbox 1051 1308 1102 1354; x_wconf 87' lang='lat' dir='ltr'><strong>an</strong></span> 
     </span>
     <span class='ocr_line' id='line_1_9' title="bbox 88 1397 1099 1498; baseline 0 -24"><span class='ocrx_word' id='word_1_58' title='bbox 88 1401 233 1498; x_wconf 90' lang='lat' dir='ltr'><strong>ubique</strong></span> <span class='ocrx_word' id='word_1_59' title='bbox 255 1401 395 1498; x_wconf 88' lang='lat' dir='ltr'><strong>pariter</strong></span> <span class='ocrx_word' id='word_1_60' title='bbox 413 1399 545 1472; x_wconf 82' lang='lat' dir='ltr'><strong>ossea?</strong></span> <span class='ocrx_word' id='word_1_61' title='bbox 570 1397 653 1469; x_wconf 91' lang='lat' dir='ltr'>Tibi</span> <span class='ocrx_word' id='word_1_62' title='bbox 679 1414 779 1472; x_wconf 88' lang='lat' dir='ltr'><strong>certe</strong></span> <span class='ocrx_word' id='word_1_63' title='bbox 806 1401 1012 1497; x_wconf 86' lang='lat' dir='ltr'><strong>proclivius</strong></span> <span class='ocrx_word' id='word_1_64' title='bbox 1028 1406 1099 1474; x_wconf 87' lang='lat' dir='ltr'><strong>erit</strong></span> 
     </span>
     <span class='ocr_line' id='line_1_10' title="bbox 3 1515 1100 1624; baseline 0.001 -34"><span class='ocrx_word' id='word_1_65' title='bbox 3 1605 4 1624; x_wconf 44' lang='lat'><strong>,</strong></span> <span class='ocrx_word' id='word_1_66' title='bbox 87 1519 230 1618; x_wconf 91' lang='lat' dir='ltr'><strong>quibus</strong></span> <span class='ocrx_word' id='word_1_67' title='bbox 241 1520 280 1588; x_wconf 91' lang='lat' dir='ltr'><strong>in</strong></span> <span class='ocrx_word' id='word_1_68' title='bbox 294 1517 521 1615; x_wconf 88' lang='lat' dir='ltr'><strong>corporibus</strong></span> <span class='ocrx_word' id='word_1_69' title='bbox 536 1515 703 1588; x_wconf 81' lang='lat' dir='ltr'><strong>abundet</strong></span> <span class='ocrx_word' id='word_1_70' title='bbox 723 1519 874 1614; x_wconf 82' lang='lat' dir='ltr'><strong>sanguis</strong></span> <span class='ocrx_word' id='word_1_71' title='bbox 886 1521 998 1592; x_wconf 89' lang='lat' dir='ltr'><strong>certis</strong></span> <span class='ocrx_word' id='word_1_72' title='bbox 1014 1521 1100 1617; x_wconf 72' lang='lat' dir='ltr'><strong>qui-</strong></span> 
     </span>
     <span class='ocr_line' id='line_1_11' title="bbox 3 1633 1101 1732; baseline -0.002 -24"><span class='ocrx_word' id='word_1_73' title='bbox 3 1725 4 1728; x_wconf 13' lang='lat'><strong>,</strong></span> <span class='ocrx_word' id='word_1_74' title='bbox 86 1637 250 1708; x_wconf 88' lang='lat' dir='ltr'><strong>busdam</strong></span> <span class='ocrx_word' id='word_1_75' title='bbox 270 1637 418 1721; x_wconf 88' lang='lat' dir='ltr'><strong>salinis,</strong></span> <span class='ocrx_word' id='word_1_76' title='bbox 434 1634 583 1721; x_wconf 84' lang='lat' dir='ltr'><strong>terreis,</strong></span> <span class='ocrx_word' id='word_1_77' title='bbox 602 1633 758 1730; x_wconf 87' lang='lat' dir='ltr'><strong>aliisque</strong></span> <span class='ocrx_word' id='word_1_78' title='bbox 772 1659 817 1706; x_wconf 83' lang='lat' dir='ltr'><strong>ex</strong></span> <span class='ocrx_word' id='word_1_79' title='bbox 832 1635 972 1732; x_wconf 90' lang='lat' dir='ltr'><strong>quibus</strong></span> <span class='ocrx_word' id='word_1_80' title='bbox 987 1637 1101 1732; x_wconf 87' lang='lat' dir='ltr'><strong>pleri-</strong></span> 
     </span>
     <span class='ocr_line' id='line_1_12' title="bbox 3 1752 1099 1864; baseline 0.001 -40"><span class='ocrx_word' id='word_1_81' title='bbox 3 1755 6 1864; x_wconf 33' lang='grc' dir='ltr'>ζ</span> <span class='ocrx_word' id='word_1_82' title='bbox 89 1779 167 1852; x_wconf 90' lang='lat' dir='ltr'><strong>que</strong></span> <span class='ocrx_word' id='word_1_83' title='bbox 178 1777 261 1824; x_wconf 87' lang='lat' dir='ltr'><strong>ossa</strong></span> <span class='ocrx_word' id='word_1_84' title='bbox 275 1767 432 1823; x_wconf 86' lang='lat' dir='ltr'><strong>censent</strong></span> <span class='ocrx_word' id='word_1_85' title='bbox 444 1752 637 1848; x_wconf 84' lang='lat' dir='ltr'><strong>compingi</strong></span> <span class='ocrx_word' id='word_1_86' title='bbox 647 1752 864 1848; x_wconf 67' lang='lat' dir='ltr'><strong>particulis,</strong></span> <span class='ocrx_word' id='word_1_87' title='bbox 878 1753 1099 1850; x_wconf 83' lang='lat' dir='ltr'><strong>proclivius,</strong></span> 
     </span>
     <span class='ocr_line' id='line_1_13' title="bbox 3 1867 1100 1978; baseline 0 -36"><span class='ocrx_word' id='word_1_88' title='bbox 3 1875 6 1978; x_wconf 35' lang='grc' dir='ltr'>ζ</span> <span class='ocrx_word' id='word_1_89' title='bbox 90 1875 265 1970; x_wconf 83' lang='lat' dir='ltr'><strong>inquam,</strong></span> <span class='ocrx_word' id='word_1_90' title='bbox 294 1871 367 1942; x_wconf 89' lang='lat' dir='ltr'><strong>erit</strong></span> <span class='ocrx_word' id='word_1_91' title='bbox 395 1869 440 1941; x_wconf 88' lang='lat' dir='ltr'><strong>iis</strong></span> <span class='ocrx_word' id='word_1_92' title='bbox 466 1870 506 1939; x_wconf 90' lang='lat' dir='ltr'><strong>iu</strong></span> <span class='ocrx_word' id='word_1_93' title='bbox 525 1867 753 1966; x_wconf 86' lang='lat' dir='ltr'><strong>corporibus</strong></span> <span class='ocrx_word' id='word_1_94' title='bbox 772 1870 1002 1958; x_wconf 83' lang='lat' dir='ltr'><strong>existimare,</strong></span> <span class='ocrx_word' id='word_1_95' title='bbox 1020 1895 1100 1942; x_wconf 88' lang='lat' dir='ltr'><strong>eas-</strong></span> 
     </span>
     <span class='ocr_line' id='line_1_14' title="bbox 3 1979 1100 2087; baseline 0.001 -26"><span class='ocrx_word' id='word_1_96' title='bbox 3 1979 6 2004; x_wconf 87' lang='lat'>&#39;</span> <span class='ocrx_word' id='word_1_97' title='bbox 91 1989 180 2060; x_wconf 85' lang='lat' dir='ltr'><strong>dem</strong></span> <span class='ocrx_word' id='word_1_98' title='bbox 192 1988 392 2087; x_wconf 89' lang='lat' dir='ltr'><strong>particulas</strong></span> <span class='ocrx_word' id='word_1_99' title='bbox 408 1987 453 2058; x_wconf 88' lang='lat' dir='ltr'><strong>iis</strong></span> <span class='ocrx_word' id='word_1_100' title='bbox 465 1987 505 2056; x_wconf 89' lang='lat' dir='ltr'><strong>in</strong></span> <span class='ocrx_word' id='word_1_101' title='bbox 521 1985 674 2058; x_wconf 91' lang='lat' dir='ltr'><strong>sedibus</strong></span> <span class='ocrx_word' id='word_1_102' title='bbox 689 1988 914 2076; x_wconf 84' lang='lat' dir='ltr'><strong>restitantes,</strong></span> <span class='ocrx_word' id='word_1_103' title='bbox 928 2013 1010 2084; x_wconf 85' lang='lat' dir='ltr'><strong>quae</strong></span> <span class='ocrx_word' id='word_1_104' title='bbox 1024 1991 1100 2062; x_wconf 86' lang='lat' dir='ltr'><strong>sive</strong></span> 
     </span>
     <span class='ocr_line' id='line_1_15' title="bbox 2 2083 1101 2204; baseline 0.004 -26"><span class='ocrx_word' id='word_1_105' title='bbox 2 2083 5 2126; x_wconf 68' lang='lat'>³</span> <span class='ocrx_word' id='word_1_106' title='bbox 91 2121 249 2196; x_wconf 88' lang='lat' dir='ltr'><strong>natura,</strong></span> <span class='ocrx_word' id='word_1_107' title='bbox 270 2129 336 2178; x_wconf 89' lang='lat' dir='ltr'><strong>seu</strong></span> <span class='ocrx_word' id='word_1_108' title='bbox 354 2103 484 2176; x_wconf 85' lang='lat' dir='ltr'><strong>morbi·</strong></span> <span class='ocrx_word' id='word_1_109' title='bbox 495 2105 532 2174; x_wconf 87' lang='lat' dir='ltr'><strong>vi</strong></span> <span class='ocrx_word' id='word_1_110' title='bbox 544 2105 661 2202; x_wconf 84' lang='lat' dir='ltr'><strong>magis</strong></span> <span class='ocrx_word' id='word_1_111' title='bbox 680 2105 754 2176; x_wconf 86' lang='lat' dir='ltr'><strong>sint</strong></span> <span class='ocrx_word' id='word_1_112' title='bbox 772 2105 959 2204; x_wconf 88' lang='lat' dir='ltr'><strong>dispositae</strong></span> <span class='ocrx_word' id='word_1_113' title='bbox 977 2106 1101 2182; x_wconf 86' lang='lat' dir='ltr'><strong>adeas</strong></span> 
     </span>
     <span class='ocr_line' id='line_1_16' title="bbox 92 2221 1100 2321; baseline 0.001 -24"><span class='ocrx_word' id='word_1_114' title='bbox 92 2223 294 2321; x_wconf 87' lang='lat' dir='ltr'><strong>particulas</strong></span> <span class='ocrx_word' id='word_1_115' title='bbox 323 2221 563 2312; x_wconf 89' lang='lat' dir='ltr'><strong>retinendas,</strong></span> <span class='ocrx_word' id='word_1_116' title='bbox 590 2223 631 2292; x_wconf 90' lang='lat' dir='ltr'><strong>in</strong></span> <span class='ocrx_word' id='word_1_117' title='bbox 660 2222 813 2294; x_wconf 91' lang='lat' dir='ltr'><strong>sedibus</strong></span> <span class='ocrx_word' id='word_1_118' title='bbox 846 2225 891 2294; x_wconf 91' lang='lat' dir='ltr'><strong>iis</strong></span> <span class='ocrx_word' id='word_1_119' title='bbox 923 2225 1100 2298; x_wconf 85' lang='lat' dir='ltr'><strong>omnibus</strong></span> 
     </span>
     <span class='ocr_line' id='line_1_17' title="bbox 94 2337 1098 2441; baseline 0.004 -29"><span class='ocrx_word' id='word_1_120' title='bbox 94 2343 357 2415; x_wconf 87' lang='lat' dir='ltr'><strong>concretiones</strong></span> <span class='ocrx_word' id='word_1_121' title='bbox 387 2339 543 2412; x_wconf 90' lang='lat' dir='ltr'><strong>demum</strong></span> <span class='ocrx_word' id='word_1_122' title='bbox 572 2337 694 2412; x_wconf 86' lang='lat' dir='ltr'><strong>facere</strong></span> <span class='ocrx_word' id='word_1_123' title='bbox 727 2340 894 2436; x_wconf 82' lang='lat' dir='ltr'><strong>ejusdem</strong></span> <span class='ocrx_word' id='word_1_124' title='bbox 929 2345 1098 2441; x_wconf 84' lang='lat' dir='ltr'><strong>generis,</strong></span> 
     </span>
     <span class='ocr_line' id='line_1_18' title="bbox 3 2443 1098 2555; baseline 0.002 -25"><span class='ocrx_word' id='word_1_125' title='bbox 3 2443 6 2462; x_wconf 63' lang='lat'><em>¹</em></span> <span class='ocrx_word' id='word_1_126' title='bbox 95 2484 211 2555; x_wconf 89' lang='lat' dir='ltr'><strong>quam</strong></span> <span class='ocrx_word' id='word_1_127' title='bbox 232 2461 272 2529; x_wconf 86' lang='lat' dir='ltr'><strong>in</strong></span> <span class='ocrx_word' id='word_1_128' title='bbox 295 2459 435 2529; x_wconf 87' lang='lat' dir='ltr'><strong>caeteris</strong></span> <span class='ocrx_word' id='word_1_129' title='bbox 454 2459 586 2546; x_wconf 90' lang='lat' dir='ltr'><strong>unius,</strong></span> <span class='ocrx_word' id='word_1_130' title='bbox 606 2459 646 2528; x_wconf 91' lang='lat' dir='ltr'><strong>in</strong></span> <span class='ocrx_word' id='word_1_131' title='bbox 667 2460 812 2530; x_wconf 87' lang='lat' dir='ltr'><strong>arteriis</strong></span> <span class='ocrx_word' id='word_1_132' title='bbox 831 2459 919 2533; x_wconf 92' lang='lat' dir='ltr'><strong>solis</strong></span> <span class='ocrx_word' id='word_1_133' title='bbox 936 2461 1098 2534; x_wconf 76' lang='lat' dir='ltr'><strong>alterius.</strong></span> 
     </span>
     <span class='ocr_line' id='line_1_19' title="bbox 2 2575 1102 2674; baseline 0.003 -24"><span class='ocrx_word' id='word_1_134' title='bbox 2 2600 6 2633; x_wconf 65' lang='lat' dir='ltr'><strong>t</strong></span> <span class='ocrx_word' id='word_1_135' title='bbox 95 2633 106 2642; x_wconf 85' lang='lat'><strong>-.</strong></span> <span class='ocrx_word' id='word_1_136' title='bbox 146 2584 202 2665; x_wconf 73' lang='lat'><strong>24.</strong></span> <span class='ocrx_word' id='word_1_137' title='bbox 215 2575 330 2650; x_wconf 91' lang='lat' dir='ltr'><strong>Vides</strong></span> <span class='ocrx_word' id='word_1_138' title='bbox 343 2577 479 2674; x_wconf 88' lang='lat' dir='ltr'><strong>igitur,</strong></span> <span class='ocrx_word' id='word_1_139' title='bbox 497 2601 634 2648; x_wconf 87' lang='lat' dir='ltr'><strong>novam</strong></span> <span class='ocrx_word' id='word_1_140' title='bbox 651 2601 672 2646; x_wconf 89' lang='lat' dir='ltr'><strong>a</strong></span> <span class='ocrx_word' id='word_1_141' title='bbox 687 2602 747 2648; x_wconf 90' lang='lat' dir='ltr'><strong>me</strong></span> <span class='ocrx_word' id='word_1_142' title='bbox 758 2577 940 2652; x_wconf 88' lang='lat' dir='ltr'><strong>hactenus</strong></span> <span class='ocrx_word' id='word_1_143' title='bbox 957 2597 1102 2652; x_wconf 86' lang='lat' dir='ltr'><strong>senten·</strong></span> 
     </span>
     <span class='ocr_line' id='line_1_20' title="bbox 93 2694 1100 2795; baseline 0.006 -31"><span class='ocrx_word' id='word_1_144' title='bbox 93 2695 183 2766; x_wconf 90' lang='lat' dir='ltr'><strong>tiam</strong></span> <span class='ocrx_word' id='word_1_145' title='bbox 200 2694 338 2792; x_wconf 87' lang='lat' dir='ltr'><strong>accipi,</strong></span> <span class='ocrx_word' id='word_1_146' title='bbox 358 2717 406 2764; x_wconf 90' lang='lat' dir='ltr'><strong>ne</strong></span> <span class='ocrx_word' id='word_1_147' title='bbox 426 2709 516 2765; x_wconf 87' lang='lat' dir='ltr'><strong>ortae</strong></span> <span class='ocrx_word' id='word_1_148' title='bbox 536 2694 575 2764; x_wconf 92' lang='lat' dir='ltr'><strong>in</strong></span> <span class='ocrx_word' id='word_1_149' title='bbox 599 2696 744 2766; x_wconf 89' lang='lat' dir='ltr'><strong>arteriis</strong></span> <span class='ocrx_word' id='word_1_150' title='bbox 763 2720 925 2793; x_wconf 84' lang='lat' dir='ltr'><strong>squamae</strong></span> <span class='ocrx_word' id='word_1_151' title='bbox 950 2723 1021 2795; x_wconf 90' lang='lat' dir='ltr'><strong>pro</strong></span> <span class='ocrx_word' id='word_1_152' title='bbox 1041 2715 1100 2770; x_wconf 91' lang='lat' dir='ltr'><strong>to-</strong></span> 
     </span>
     <span class='ocr_line' id='line_1_21' title="bbox 2 2811 1100 2910; baseline 0.005 -29"><span class='ocrx_word' id='word_1_153' title='bbox 2 2834 6 2848; x_wconf 89' lang='lat'><strong>·</strong></span> <span class='ocrx_word' id='word_1_154' title='bbox 92 2811 245 2910; x_wconf 91' lang='lat' dir='ltr'><strong>phaceis</strong></span> <span class='ocrx_word' id='word_1_155' title='bbox 264 2812 397 2909; x_wconf 87' lang='lat' dir='ltr'><strong>saepius</strong></span> <span class='ocrx_word' id='word_1_156' title='bbox 417 2812 547 2882; x_wconf 86' lang='lat' dir='ltr'><strong>saltem</strong></span> <span class='ocrx_word' id='word_1_157' title='bbox 566 2811 789 2884; x_wconf 85' lang='lat' dir='ltr'><strong>habeantur.</strong></span> <span class='ocrx_word' id='word_1_158' title='bbox 818 2818 998 2886; x_wconf 85' lang='lat' dir='ltr'><strong>Praeterea</strong></span> <span class='ocrx_word' id='word_1_159' title='bbox 1022 2817 1100 2888; x_wconf 89' lang='lat' dir='ltr'><strong>illa-</strong></span> 
     </span>
     <span class='ocr_line' id='line_1_22' title="bbox 94 2928 1102 3025; baseline 0.004 -25"><span class='ocrx_word' id='word_1_160' title='bbox 94 2954 181 3000; x_wconf 91' lang='lat' dir='ltr'><strong>rum</strong></span> <span class='ocrx_word' id='word_1_161' title='bbox 203 2943 330 3000; x_wconf 88' lang='lat' dir='ltr'><strong>ortum</strong></span> <span class='ocrx_word' id='word_1_162' title='bbox 353 2928 414 2998; x_wconf 88' lang='lat' dir='ltr'><strong>vel</strong></span> <span class='ocrx_word' id='word_1_163' title='bbox 433 2930 513 3001; x_wconf 87' lang='lat' dir='ltr'><strong>sine</strong></span> <span class='ocrx_word' id='word_1_164' title='bbox 537 2931 672 3025; x_wconf 84' lang='lat' dir='ltr'><strong>praevia</strong></span> <span class='ocrx_word' id='word_1_165' title='bbox 700 2929 1014 3017; x_wconf 87' lang='lat' dir='ltr'><strong>inflammatione,</strong></span> <span class='ocrx_word' id='word_1_166' title='bbox 1038 2947 1102 3004; x_wconf 88' lang='lat' dir='ltr'><strong>ant</strong></span> 
     </span>
     <span class='ocr_line' id='line_1_23' title="bbox 94 3045 1109 3144; baseline 0 -26"><span class='ocrx_word' id='word_1_167' title='bbox 94 3061 195 3118; x_wconf 88' lang='lat' dir='ltr'><strong>certe</strong></span> <span class='ocrx_word' id='word_1_168' title='bbox 223 3047 495 3144; x_wconf 88' lang='lat' dir='ltr'><strong>suppuratione</strong></span> <span class='ocrx_word' id='word_1_169' title='bbox 526 3045 718 3116; x_wconf 90' lang='lat' dir='ltr'><strong>interdum</strong></span> <span class='ocrx_word' id='word_1_170' title='bbox 744 3045 914 3120; x_wconf 88' lang='lat' dir='ltr'><strong>accidere</strong></span> <span class='ocrx_word' id='word_1_171' title='bbox 937 3074 1016 3120; x_wconf 91' lang='lat' dir='ltr'><strong>non</strong></span> <span class='ocrx_word' id='word_1_172' title='bbox 1034 3049 1109 3122; x_wconf 88' lang='lat' dir='ltr'><strong>du·.</strong></span> 
     </span>
     <span class='ocr_line' id='line_1_24' title="bbox 2 3162 1102 3264; baseline 0.002 -28"><span class='ocrx_word' id='word_1_173' title='bbox 2 3162 5 3196; x_wconf 69' lang='lat'><em>³</em></span> <span class='ocrx_word' id='word_1_174' title='bbox 93 3165 186 3236; x_wconf 91' lang='lat' dir='ltr'><strong>bito.</strong></span> <span class='ocrx_word' id='word_1_175' title='bbox 215 3165 362 3262; x_wconf 86' lang='lat' dir='ltr'><strong>Inspice</strong></span> <span class='ocrx_word' id='word_1_176' title='bbox 372 3218 390 3252; x_wconf 93' lang='lat'><strong>,.</strong></span> <span class='ocrx_word' id='word_1_177' title='bbox 407 3187 553 3260; x_wconf 81' lang='lat' dir='ltr'><strong>quaeso,</strong></span> <span class='ocrx_word' id='word_1_178' title='bbox 575 3164 615 3234; x_wconf 91' lang='lat' dir='ltr'><strong>iu</strong></span> <span class='ocrx_word' id='word_1_179' title='bbox 640 3163 797 3262; x_wconf 86' lang='lat' dir='ltr'><strong>epistola</strong></span> <span class='ocrx_word' id='word_1_180' title='bbox 822 3163 1034 3264; x_wconf 85' lang='lat' dir='ltr'><strong>XVlll(1),</strong></span> <span class='ocrx_word' id='word_1_181' title='bbox 1058 3182 1102 3243; x_wconf 91' lang='lat' dir='ltr'><strong>ut</strong></span> 
     </span>
     <span class='ocr_line' id='line_1_25' title="bbox 3 3280 1100 3381; baseline 0.005 -29"><span class='ocrx_word' id='word_1_182' title='bbox 3 3289 5 3320; x_wconf 77' lang='lat'>²</span> <span class='ocrx_word' id='word_1_183' title='bbox 95 3305 233 3379; x_wconf 86' lang='lat' dir='ltr'><strong>magna</strong></span> <span class='ocrx_word' id='word_1_184' title='bbox 259 3283 393 3352; x_wconf 85' lang='lat' dir='ltr'><strong>arteria</strong></span> <span class='ocrx_word' id='word_1_185' title='bbox 416 3306 437 3352; x_wconf 88' lang='lat' dir='ltr'><strong>a</strong></span> <span class='ocrx_word' id='word_1_186' title='bbox 457 3280 571 3354; x_wconf 88' lang='lat' dir='ltr'><strong>corde</strong></span> <span class='ocrx_word' id='word_1_187' title='bbox 591 3280 639 3352; x_wconf 91' lang='lat' dir='ltr'><strong>ad</strong></span> <span class='ocrx_word' id='word_1_188' title='bbox 658 3283 825 3380; x_wconf 91' lang='lat' dir='ltr'><strong>primum</strong></span> <span class='ocrx_word' id='word_1_189' title='bbox 850 3307 971 3381; x_wconf 85' lang='lat' dir='ltr'><strong>usque</strong></span> <span class='ocrx_word' id='word_1_190' title='bbox 998 3284 1100 3358; x_wconf 88' lang='lat' dir='ltr'><strong>orifi-</strong></span> 
     </span>
     <span class='ocr_line' id='line_1_26' title="bbox 3 3385 1100 3500; baseline 0.001 -26"><span class='ocrx_word' id='word_1_191' title='bbox 3 3429 4 3434; x_wconf 66' lang='grc'>’</span> <span class='ocrx_word' id='word_1_192' title='bbox 95 3385 204 3474; x_wconf 77' lang='lat' dir='ltr'><strong>cium&#39;</strong></span> <span class='ocrx_word' id='word_1_193' title='bbox 215 3422 429 3484; x_wconf 88' lang='lat' dir='ltr'><strong>ramorum,</strong></span> <span class='ocrx_word' id='word_1_194' title='bbox 449 3400 642 3497; x_wconf 90' lang='lat' dir='ltr'><strong>superiora</strong></span> <span class='ocrx_word' id='word_1_195' title='bbox 660 3400 891 3496; x_wconf 88' lang='lat' dir='ltr'><strong>petentium,</strong></span> <span class='ocrx_word' id='word_1_196' title='bbox 916 3426 958 3472; x_wconf 91' lang='lat' dir='ltr'><strong>ea</strong></span> <span class='ocrx_word' id='word_1_197' title='bbox 977 3404 1100 3500; x_wconf 87' lang='lat' dir='ltr'><strong>parie-</strong></span> 
     </span>
     <span class='ocr_line' id='line_1_27' title="bbox 3 3512 1100 3607; baseline 0.002 -19"><span class='ocrx_word' id='word_1_198' title='bbox 3 3571 4 3578; x_wconf 28' lang='lat' dir='ltr'><strong>t</strong></span> <span class='ocrx_word' id='word_1_199' title='bbox 94 3533 178 3588; x_wconf 92' lang='lat' dir='ltr'><strong>tum</strong></span> <span class='ocrx_word' id='word_1_200' title='bbox 200 3515 337 3588; x_wconf 86' lang='lat' dir='ltr'><strong>duritie</strong></span> <span class='ocrx_word' id='word_1_201' title='bbox 354 3512 487 3607; x_wconf 85' lang='lat' dir='ltr'><strong>fuerit,</strong></span> <span class='ocrx_word' id='word_1_202' title='bbox 502 3532 545 3590; x_wconf 93' lang='lat' dir='ltr'><strong>ut</strong></span> <span class='ocrx_word' id='word_1_203' title='bbox 563 3519 623 3586; x_wconf 81' lang='lat' dir='ltr'><strong>vix</strong></span> <span class='ocrx_word' id='word_1_204' title='bbox 638 3541 784 3588; x_wconf 88' lang='lat' dir='ltr'><strong>summa</strong></span> <span class='ocrx_word' id='word_1_205' title='bbox 803 3519 915 3590; x_wconf 89' lang='lat' dir='ltr'><strong>etiam</strong></span> <span class='ocrx_word' id='word_1_206' title='bbox 932 3521 970 3590; x_wconf 81' lang='lat' dir='ltr'><strong>vi</strong></span> <span class='ocrx_word' id='word_1_207' title='bbox 994 3519 1100 3591; x_wconf 80' lang='lat' dir='ltr'><strong>adhi-</strong></span> 
     </span>
     <span class='ocr_line' id='line_1_28' title="bbox 94 3633 1099 3734; baseline 0 -26"><span class='ocrx_word' id='word_1_208' title='bbox 94 3633 175 3708; x_wconf 88' lang='lat' dir='ltr'><strong>bita</strong></span> <span class='ocrx_word' id='word_1_209' title='bbox 188 3635 304 3706; x_wconf 90' lang='lat' dir='ltr'><strong>incidi</strong></span> <span class='ocrx_word' id='word_1_210' title='bbox 314 3649 450 3732; x_wconf 92' lang='lat' dir='ltr'><strong>posset,</strong></span> <span class='ocrx_word' id='word_1_211' title='bbox 460 3648 617 3731; x_wconf 89' lang='lat' dir='ltr'><strong>propter</strong></span> <span class='ocrx_word' id='word_1_212' title='bbox 632 3635 713 3730; x_wconf 87' lang='lat' dir='ltr'><strong>ejus</strong></span> <span class='ocrx_word' id='word_1_213' title='bbox 723 3635 988 3723; x_wconf 86' lang='lat' dir='ltr'><strong>substantiam,</strong></span> <span class='ocrx_word' id='word_1_214' title='bbox 1004 3662 1099 3734; x_wconf 87' lang='lat' dir='ltr'><strong>quae,</strong></span> 
     </span>
    </p>
   </div>
   <div class='ocr_carea' id='block_1_3' title="bbox 137 3993 286 4090">
    <p class='ocr_par' dir='ltr' id='par_1_3' title="bbox 137 3993 286 4090">
     <span class='ocr_line' id='line_1_29' title="bbox 137 3993 286 4090; baseline -0.007 -37"><span class='ocrx_word' id='word_1_215' title='bbox 137 3993 181 4090; x_wconf 73' lang='grc' dir='ltr'><strong>(ι)</strong></span> <span class='ocrx_word' id='word_1_216' title='bbox 201 3995 240 4053; x_wconf 83' lang='lat' dir='ltr'><strong>r.</strong></span> <span class='ocrx_word' id='word_1_217' title='bbox 259 4013 286 4052; x_wconf 80' lang='lat'><strong>2.</strong></span> 
     </span>
    </p>
   </div>
   <div class='ocr_carea' id='block_1_4' title="bbox 0 0 1416 4668">
    <p class='ocr_par' dir='ltr' id='par_1_4' title="bbox 0 0 1416 4668">
     <span class='ocr_line' id='line_1_30' title="bbox 0 0 1416 4668; baseline 0 0"><span class='ocrx_word' id='word_1_218' title='bbox 0 0 1416 4668; x_wconf 95' lang='lat' dir='ltr'><strong> </strong></span> 
     </span>
    </p>
   </div>
  </div>
 </body>
</html>
