2824 4668
314 437 385 510 380
481 457 528 504 un
555 455 770 504 sennaser
796 453 920 504 cauus
947 455 1157 506 noanonon

313 571 482 670 ejusdem
501 569 794 642 coarctationem
810 571 1137 668 mutationemque
1154 572 1190 640 in
1213 569 1295 641 farei-

312 691 426 762 minis
439 688 598 761 formam
610 687 817 786 explicavit.
830 692 879 759 Ut
890 687 936 758 ad
950 688 1044 759 illud
1057 689 1204 761 redeam
1217 689 1296 786 quud
1360 715 1361 732 t

244 895 247 902 Ι
314 810 504 907 praecipue
524 805 588 878 hic
606 803 718 876 nobis
739 807 987 903 propositum*
1000 821 1075 892 est,
1093 805 1296 890 videlicetad
1361 790 1362 812 ¹

313 927 429 998 animi
444 923 696 1011 defectiones,
711 923 792 994 noli
812 925 956 1009 mirari,
977 926 1007 996 si
1024 927 1063 994 in
1079 924 1156 995 hoc
1174 949 1297 1020 quoque

314 1044 470 1114 bomine
489 1067 569 1113 non
591 1043 670 1114 sine
692 1041 887 1138 interjecta
910 1067 1117 1114 nervorum
1137 1043 1298 1112 mentione

314 1161 455 1260 possim
475 1185 603 1230 earum
616 1160 961 1248 causamindicare,
978 1160 1137 1259 quando
1153 1158 1298 1230 nibilnisi

316 1281 355 1350 in
372 1277 551 1364 cerebro,
569 1281 605 1348 et
624 1277 671 1348 ad
684 1279 939 1349 ventriculum
960 1294 1156 1378 repertum
1173 1293 1239 1367 est,
1254 1275 1297 1348 ub'

317 1396 417 1468 hanc
445 1394 558 1468 fuisse
584 1396 852 1491 conjiciamus3
882 1397 988 1467 nervi
1017 1413 1145 1469 autem
1177 1397 1245 1468 sive
1270 1393 1301 1464 ad

245 1495 246 1502 i
317 1516 503 1614 originem
518 1517 746 1611 compressi,
766 1515 843 1586 sive
863 1513 954 1585 aiibi
970 1515 1124 1604 irritati,
1143 1539 1301 1613 quante«

315 1633 467 1732 pissime
485 1646 522 1702 et
540 1631 819 1704 evidentissime
849 1631 1006 1721 faciunt,
1029 1648 1071 1704 ut
1091 1635 1218 1704 animo
1233 1629 1301 1703 defi-

316 1752 469 1823 ciamus.
492 1754 649 1822 Constat
664 1749 702 1820 id
723 1775 768 1821 ex
785 1766 843 1822 tot
857 1750 1033 1848 deliquiis
1053 1777 1139 1848 quae
1157 1751 1302 1824 homines

315 1867 561 1967 prehendunt
577 1884 641 1939 aut
662 1883 765 1940 certe
781 1869 897 1939 animi
916 1866 1117 1942 affectibus
1130 1869 1177 1941 de
1189 1870 1302 1966 impro

314 1989 396 2059 viso
410 1986 668 2085 perturbatos,
686 2001 750 2056 aut
765 1973 968 2062 teterrimis
982 1985 1168 2060 odoribus
1182 1983 1302 2086 percul-

316 2129 392 2194 sm,
407 2120 472 2176 aut
483 2103 734 2178 acerbissimis
748 2093 995 2177 nervosarum
1007 2107 1175 2205 partium
1193 2121 1227 2176 et
1238 2127 1303 2173 ven·

317 2221 447 2292 triculi
473 2223 682 2320 praesertim
704 2222 904 2295 doloribus
931 2239 1142 2321 correptos.
1167 2225 1237 2295 Nec
1252 2217 1302 2290 ob·

317 2353 413 2412 stare
441 2341 571 2414 credas
596 2341 748 2438 quaede
775 2342 902 2413 cordis
932 2357 1039 2413 motu
1060 2341 1138 2413 hoc
1161 2357 1303 2438 tempore

317 2457 577 2556 disputantur,
608 2461 715 2557 quasi
741 2483 762 2529 a
788 2461 915 2533 nervis
945 2461 1101 2533 minime
1136 2459 1302 2558 penderet.

315 2575 427 2646 Aliud
446 2578 548 2646 enim
573 2593 628 2650 est
652 2577 797 2675 absque
813 2579 949 2650 'nervis
971 2601 1082 2678 posse
1108 2579 1159 2650 ad
1182 2593 1303 2676 ternpus

317 2717 384 2764 cor
402 2697 565 2765 moveri:
583 2694 686 2767 aliud
698 2697 743 2768 iis
756 2695 872 2784 iussn,
891 2711 928 2768 et
945 2696 1154 2794 praesertim
1169 2691 1303 2774 irritatis,

316 2838 395 2884 non
414 2837 525 2910 posse
548 2813 673 2886 cordis
697 2829 845 2886 motum
868 2816 1009 2902 vitiari,
1028 2816 1235 2913 plurimum
1251 2807 1304 2878 mi·

315 2932 398 3019 nui,
417 2947 531 3028 atque
546 2932 641 3002 adeo
660 2933 902 3031 interrumpi.
919 2932 1021 3004 lltud
1039 2934 1206 3032 primum
1220 2930 1246 3001 si
1260 2923 1304 2996 cui

314 3050 397 3138 'alii'g
416 3066 517 3121 certe
531 3049 765 3150 amplissimo
782 3053 938 3122 Senacio
956 3051 1013 3148 (ι)
1033 3066 1113 3122 erat
1125 3065 1251 3122 notum
1264 3057 1304 3113 at·

316 3192 391 3265 que
412 3185 666 3266 perspectum.
687 3169 759 3240 Sed
775 3195 868 3240 num
890 3186 1091 3268 propterea
1111 3167 1255 3266 negavit
1270 3159 1305 3230 al·

315 3299 440 3355 terum
458 3286 472 3354 Ρ
489 3291 572 3358 Imo
593 3312 685 3358 vero
704 3289 734 3358 si
754 3288 975 3386 praeclarum
994 3289 1076 3384 ejus
1095 3287 1144 3359 de
1165 3301 1304 3383 syncope

316 3417 430 3500 caput
440 3402 494 3499 (2)
509 3404 624 3502 leges3
639 3405 786 3478 videbis
807 3431 916 3496 sane,
940 3406 1044 3478 baud
1067 3407 1177 3477 aliter
1192 3427 1231 3474 ac
1244 3421 1304 3469 mo·

317 3519 367 3590 do
388 3545 408 3590 a
433 3547 493 3592 me
516 3520 656 3596 factum
682 3539 754 3613 est,
774 3524 813 3594 id
832 3525 922 3596 mali
943 3517 1104 3596 subinde
1133 3522 1181 3594 ab
1202 3515 1303 3591 nereis

315 3637 384 3709 ubi
401 3640 573 3731 irritatis,
592 3643 801 3738 praesertim
818 3667 909 3714 vero
924 3645 1000 3716 sive
1013 3645 1053 3713 in
1064 3641 1303 3714 cerebrocon·

318 3811 1300 3842 ....-..................-.........-.....-

357 3924 402 4002 (1)
424 3927 524 3983 Traite
537 3929 578 3986 du
591 3947 686 4000 coenr,
698 3929 719 3986 l.
734 3947 768 4000 a,
783 3925 829 3984 ch.
845 3949 874 4002 7.

357 4024 912 4107 (a)L.4,ch.12‚n.2‚5,7,9.·
984 4047 990 4058 ·
