2820 4668
288 475 358 550 500
457 499 504 546 ns
530 474 676 545 seorsus
701 497 745 544 ur
771 493 895 546 causis
921 492 1131 549 uonnomnt

285 637 386 688 seam
408 625 553 711 partem
574 609 771 706 adjiceres,
791 609 841 682 ob
861 615 1110 710 ea,inquam,
1130 611 1210 687 fere
1228 619 1301 689 cir·

284 753 371 800 cum
394 743 500 816 nata,
523 741 561 800 et
585 731 788 798 introrsum
816 729 1072 824 prominentia
1093 755 1176 804 ossa
1204 759 1300 805 con·

280 861 465 935 tractum3
486 845 563 917 haec
583 846 683 916 enim
710 833 906 943 grandaeva
920 846 982 917 illa
995 847 1134 919 mulier
1149 866 1230 940 est,
1254 879 1299 924 ex

241 973 246 983 '
281 989 357 1064 qua
378 963 509 1038 eadem
538 964 576 1032 in
604 961 886 1034 VAdversariis
910 962 985 1058 (1)
1013 963 1296 1064 descripsimus.

280 1085 424 1180 Magnae
439 1105 594 1180 quoque
617 1080 762 1153 arterias
783 1078 936 1149 valvulae
953 1081 1214 1177 pertimerent
1236 1110 1297 1157 os·

278 1223 360 1284 seue,
379 1200 515 1297 partim
530 1189 764 1294 incipiebant
781 1219 894 1268 osseae
906 1193 999 1268 fieri.
1013 1201 1059 1298 'In
1075 1201 1294 1272 ventriculo

280 1332 406 1388 autem
425 1314 580 1386 dextero
599 1337 818 1409 annexaque
834 1313 1002 1385 auricula
1022 1315 1118 1386 nihil
1136 1315 1295 1390 adnota-

279 1434 426 1522 vimus,
444 1433 515 1504 nisi
530 1431 632 1528 quod
656 1429 856 1528 sanguine,
873 1445 915 1502 ut
932 1428 1007 1502 fere
1027 1433 1180 1506 sinistra
1199 1462 1294 1533 quo·

278 1574 355 1649 que
373 1550 538 1622 auricula
553 1550 711 1619 omnino
732 1546 926 1635 carebant,
951 1571 1036 1620 cum
1053 1550 1295 1646 pulmonaris

277 1669 421 1739 arteriae
438 1681 599 1738 truncus
613 1678 711 1736 esset
729 1688 775 1734 eo
793 1665 949 1761 plenus,
968 1665 1117 1762 qualem
1135 1667 1175 1737 in
1195 1672 1295 1766 peri-

276 1784 405 1857 cardio
425 1784 659 1868 videramus,
682 1782 924 1880 multumque
951 1781 1133 1872 haberet3
1166 1786 1235 1858 sed
1255 1790 1292 1857 in

276 1927 431 2003 grumos
448 1917 641 1988 coactum,
655 1913 781 1988 aorta,
797 1913 840 1970 ut
857 1903 974 1998 ipsam
989 1925 1009 1971 a
1024 1901 1141 1972 corde
1152 1903 1202 1973 ad
1218 1904 1292 1974 ilia·

276 2044 341 2120 cos
364 2044 483 2116 usque
500 2041 625 2090 ramos
647 2018 876 2115 aperientes,
896 2019 1173 2115 conspeximus.
1207 2025 1288 2090 Haec

189 2129 194 2140 ’
276 2140 374 2212 circa
386 2139 579 2210 sinistrum
592 2133 707 2204 finem
725 2157 837 2206 arcus
856 2139 934 2220 sui,
953 2160 1040 2212 nam
1056 2136 1149 2206 illuc
1165 2163 1286 2235 usque

275 2281 363 2330 sana
391 2267 643 2354 processerat,
675 2254 822 2350 magnis
849 2235 963 2324 osseis
995 2255 1163 2349 squamis
1187 2257 1286 2328 intus

229 2363 231 2370 ’
275 2374 487 2470 exasperari
509 2369 732 2470 incipiebat,
753 2395 835 2466 quae
856 2369 947 2440 alibi
961 2373 1101 2468 magis,
1117 2371 1210 2443 alibi
1227 2399 1285 2444 au·

272 2504 349 2564 tem
371 2490 497 2560 minus
516 2471 760 2576 crebrae,nec
779 2489 858 2558 sinc
880 2487 940 2583 cuj
949 2487 1081 2558 usdam
1099 2513 1179 2559 non
1204 2489 1285 2562 obs·

274 2631 376 2680 curae
390 2606 676 2677 exulcerationis
695 2605 864 2693 indiciis,
880 2620 961 2676 toto
980 2591 1115 2702 passim
1137 2608 1279 2706 reliquo

272 2739 412 2798 trunco
431 2722 719 2822 spectabantur:
737 2724 830 2819 quin
849 2723 1051 2794 arteriosos
1068 2748 1199 2797 ramos
1219 2751 1281 2826 per

272 2859 442 2916 ventrem
455 2843 623 2939 aliquos,
641 2855 677 2911 et
692 2842 916 2910 nominatim
934 2865 978 2911 ex
992 2841 1036 2911 iis
1048 2865 1132 2938 quae
1145 2843 1191 2913 ad
1215 2870 1281 2915 coe·

272 2963 403 3035 liacam
424 2963 603 3046 attinent,
635 2981 762 3028 osseos
789 2958 866 3052 jam
891 2955 1006 3028 factos
1026 2957 1281 3056 deprehendi·

272 3105 368 3151 mus.
390 3083 531 3150 Ventre
551 3091 674 3146 autem
694 3075 808 3172 paulo
828 3087 913 3145 ante
935 3062 1103 3163 recluso,
1121 3092 1161 3147 et
1184 3103 1281 3149 non·

272 3197 385 3267 nullis
403 3197 443 3266 in
464 3195 580 3281 locis,
600 3192 747 3263 tametsi
762 3205 962 3288 tempestas
979 3199 1057 3261 e'rat
1071 3193 1202 3290 potius
1217 3192 1279 3264 tri·
1383 3195 1384 3221 ¹

185 3312 192 3324 '
273 3313 375 3412 gida,
401 3314 512 3382 etiam
547 3327 628 3380 tum
661 3307 807 3394 calido,
838 3297 1066 3404 quod'intra
1083 3308 1277 3384 thoracem

271 3451 426 3529 quoque
446 3427 650 3515 acciderat,
674 3424 955 3513 animadversO,
978 3439 1015 3496 et
1033 3429 1179 3498 omenti
1202 3430 1276 3527 pri·

270 3571 376 3618 mum
418 3544 661 3618 crassitudine
698 3542 749 3614 ob
786 3541 943 3612 multam
982 3543 1276 3640 pinguedinem,

238 3748 244 3759 ‚
271 3663 442 3762 quamvis
459 3683 673 3748 coenosam,
693 3683 780 3729 mox
796 3675 834 3731 et
853 3661 1068 3732 mesenterii
1086 3677 1274 3772 spectata,

306 4029 351 4109 (t)
372 4029 509 4088 Animad.
525 4033 571 4093 ιι..
