<?xml version="1.0" encoding="UTF-8"?>
<!DOCTYPE html PUBLIC "-//W3C//DTD XHTML 1.0 Transitional//EN"
    "http://www.w3.org/TR/xhtml1/DTD/xhtml1-transitional.dtd">
<html xmlns="http://www.w3.org/1999/xhtml" xml:lang="en" lang="en">
 <head>
  <title>
</title>
<meta http-equiv="Content-Type" content="text/html;charset=utf-8" />
  <meta name='ocr-system' content='tesseract 3.04.00' />
  <meta name='ocr-capabilities' content='ocr_page ocr_carea ocr_par ocr_line ocrx_word'/>
</head>
<body>
  <div class='ocr_page' id='page_1' title='image "./desedibusetcaus01adelgoog_0259.png"; bbox 0 0 2808 4664; ppageno 0'>
   <div class='ocr_carea' id='block_1_1' title="bbox 288 441 1106 516">
    <p class='ocr_par' dir='ltr' id='par_1_1' title="bbox 288 441 1106 516">
     <span class='ocr_line' id='line_1_1' title="bbox 288 441 1106 516; baseline -0.005 0"><span class='ocrx_word' id='word_1_1' title='bbox 288 441 358 516; x_wconf 73' lang='lat'><strong>268</strong></span> <span class='ocrx_word' id='word_1_2' title='bbox 431 465 478 512; x_wconf 80' lang='lat' dir='ltr'><strong>na</strong></span> <span class='ocrx_word' id='word_1_3' title='bbox 505 461 650 512; x_wconf 73' lang='lat' dir='ltr'><strong>seorsus</strong></span> <span class='ocrx_word' id='word_1_4' title='bbox 675 463 719 510; x_wconf 81' lang='lat' dir='ltr'><strong>ar</strong></span> <span class='ocrx_word' id='word_1_5' title='bbox 745 459 869 511; x_wconf 78' lang='lat' dir='ltr'><strong>causrs</strong></span> <span class='ocrx_word' id='word_1_6' title='bbox 895 461 1106 512; x_wconf 77' lang='lat' dir='ltr'><strong>arcanorum</strong></span> 
     </span>
    </p>
   </div>
   <div class='ocr_carea' id='block_1_2' title="bbox 285 575 1307 1736">
    <p class='ocr_par' dir='ltr' id='par_1_2' title="bbox 285 575 1307 1736">
     <span class='ocr_line' id='line_1_2' title="bbox 285 575 1303 679; baseline -0.003 -31"><span class='ocrx_word' id='word_1_7' title='bbox 285 580 390 679; x_wconf 88' lang='lat' dir='ltr'><strong>poris</strong></span> <span class='ocrx_word' id='word_1_8' title='bbox 410 581 510 650; x_wconf 89' lang='lat' dir='ltr'><strong>inter</strong></span> <span class='ocrx_word' id='word_1_9' title='bbox 530 592 732 674; x_wconf 88' lang='lat' dir='ltr'><strong>utrumque</strong></span> <span class='ocrx_word' id='word_1_10' title='bbox 751 575 1057 674; x_wconf 74' lang='lat' dir='ltr'><strong>hemisphaerium</strong></span> <span class='ocrx_word' id='word_1_11' title='bbox 1081 576 1303 672; x_wconf 74' lang='lat' dir='ltr'><strong>ducuntur,</strong></span> 
     </span>
     <span class='ocr_line' id='line_1_3' title="bbox 288 691 1301 791; baseline -0.005 -23"><span class='ocrx_word' id='word_1_12' title='bbox 288 697 396 768; x_wconf 72' lang='lat' dir='ltr'><strong>aeriae</strong></span> <span class='ocrx_word' id='word_1_13' title='bbox 417 698 565 768; x_wconf 90' lang='lat' dir='ltr'><strong>inerant</strong></span> <span class='ocrx_word' id='word_1_14' title='bbox 583 695 716 766; x_wconf 77' lang='lat' dir='ltr'><strong>bullae:</strong></span> <span class='ocrx_word' id='word_1_15' title='bbox 742 709 777 766; x_wconf 90' lang='lat' dir='ltr'><strong>et</strong></span> <span class='ocrx_word' id='word_1_16' title='bbox 801 711 926 764; x_wconf 88' lang='lat' dir='ltr'><strong>tamen</strong></span> <span class='ocrx_word' id='word_1_17' title='bbox 943 691 1076 791; x_wconf 83' lang='lat' dir='ltr'><strong>frigida</strong></span> <span class='ocrx_word' id='word_1_18' title='bbox 1099 708 1182 764; x_wconf 91' lang='lat' dir='ltr'><strong>erat</strong></span> <span class='ocrx_word' id='word_1_19' title='bbox 1205 699 1301 764; x_wconf 87' lang='lat' dir='ltr'><strong>teni-</strong></span> 
     </span>
     <span class='ocr_line' id='line_1_4' title="bbox 288 812 1303 914; baseline -0.004 -28"><span class='ocrx_word' id='word_1_20' title='bbox 288 830 436 914; x_wconf 77' lang='lat' dir='ltr'><strong>pestaS,</strong></span> <span class='ocrx_word' id='word_1_21' title='bbox 454 816 516 885; x_wconf 85' lang='lat' dir='ltr'><strong>vix</strong></span> <span class='ocrx_word' id='word_1_22' title='bbox 536 815 700 886; x_wconf 89' lang='lat' dir='ltr'><strong>tertiusa</strong></span> <span class='ocrx_word' id='word_1_23' title='bbox 717 828 839 884; x_wconf 87' lang='lat' dir='ltr'><strong>morte</strong></span> <span class='ocrx_word' id='word_1_24' title='bbox 858 812 959 899; x_wconf 86' lang='lat' dir='ltr'><strong>dies,</strong></span> <span class='ocrx_word' id='word_1_25' title='bbox 976 823 1013 883; x_wconf 87' lang='lat' dir='ltr'><strong>e&#39;t</strong></span> <span class='ocrx_word' id='word_1_26' title='bbox 1032 838 1081 882; x_wconf 93' lang='lat' dir='ltr'><strong>ne</strong></span> <span class='ocrx_word' id='word_1_27' title='bbox 1098 813 1303 882; x_wconf 89' lang='lat' dir='ltr'><strong>minimum</strong></span> 
     </span>
     <span class='ocr_line' id='line_1_5' title="bbox 290 931 1303 1031; baseline -0.003 -29"><span class='ocrx_word' id='word_1_28' title='bbox 290 933 445 1031; x_wconf 86' lang='lat' dir='ltr'><strong>quidem</strong></span> <span class='ocrx_word' id='word_1_29' title='bbox 475 933 659 1004; x_wconf 91' lang='lat' dir='ltr'><strong>indicium</strong></span> <span class='ocrx_word' id='word_1_30' title='bbox 688 931 912 1028; x_wconf 82' lang='lat' dir='ltr'><strong>putredinis.</strong></span> <span class='ocrx_word' id='word_1_31' title='bbox 941 931 1128 1001; x_wconf 87' lang='lat' dir='ltr'><strong>Carotidis</strong></span> <span class='ocrx_word' id='word_1_32' title='bbox 1156 931 1303 1000; x_wconf 78' lang='lat' dir='ltr'><strong>arteria</strong></span> 
     </span>
     <span class='ocr_line' id='line_1_6' title="bbox 290 1047 1303 1148; baseline -0.007 -25"><span class='ocrx_word' id='word_1_33' title='bbox 290 1051 471 1138; x_wconf 71' lang='lat' dir='ltr'><strong>dexterae,</strong></span> <span class='ocrx_word' id='word_1_34' title='bbox 491 1073 565 1148; x_wconf 85' lang='lat' dir='ltr'><strong>qua</strong></span> <span class='ocrx_word' id='word_1_35' title='bbox 583 1075 603 1122; x_wconf 92' lang='lat' dir='ltr'><strong>e</strong></span> <span class='ocrx_word' id='word_1_36' title='bbox 622 1048 862 1147; x_wconf 85' lang='lat' dir='ltr'><strong>receptaculo</strong></span> <span class='ocrx_word' id='word_1_37' title='bbox 874 1047 1074 1136; x_wconf 83' lang='lat' dir='ltr'><strong>existebat,</strong></span> <span class='ocrx_word' id='word_1_38' title='bbox 1093 1073 1171 1118; x_wconf 89' lang='lat' dir='ltr'><strong>non</strong></span> <span class='ocrx_word' id='word_1_39' title='bbox 1189 1069 1303 1145; x_wconf 84' lang='lat' dir='ltr'><strong>parva</strong></span> 
     </span>
     <span class='ocr_line' id='line_1_7' title="bbox 290 1163 1302 1266; baseline -0.004 -27"><span class='ocrx_word' id='word_1_40' title='bbox 290 1169 478 1266; x_wconf 77' lang='lat' dir='ltr'><strong>parietum</strong></span> <span class='ocrx_word' id='word_1_41' title='bbox 497 1168 621 1264; x_wconf 90' lang='lat' dir='ltr'><strong>portio</strong></span> <span class='ocrx_word' id='word_1_42' title='bbox 636 1182 714 1238; x_wconf 91' lang='lat' dir='ltr'><strong>erat</strong></span> <span class='ocrx_word' id='word_1_43' title='bbox 732 1167 892 1238; x_wconf 86' lang='lat' dir='ltr'><strong>crassior</strong></span> <span class='ocrx_word' id='word_1_44' title='bbox 902 1163 1016 1253; x_wconf 84' lang='lat' dir='ltr'><strong>facta,</strong></span> <span class='ocrx_word' id='word_1_45' title='bbox 1034 1179 1070 1236; x_wconf 87' lang='lat' dir='ltr'><strong>et</strong></span> <span class='ocrx_word' id='word_1_46' title='bbox 1087 1181 1236 1236; x_wconf 68' lang='lat' dir='ltr'><strong>naturae</strong></span> <span class='ocrx_word' id='word_1_47' title='bbox 1250 1167 1302 1235; x_wconf 89' lang='lat' dir='ltr'><strong>in-</strong></span> 
     </span>
     <span class='ocr_line' id='line_1_8' title="bbox 289 1281 1303 1384; baseline -0.004 -26"><span class='ocrx_word' id='word_1_48' title='bbox 289 1301 350 1358; x_wconf 89' lang='lat' dir='ltr'><strong>ter</strong></span> <span class='ocrx_word' id='word_1_49' title='bbox 384 1286 630 1384; x_wconf 70' lang='lat' dir='ltr'><strong>ligamentum</strong></span> <span class='ocrx_word' id='word_1_50' title='bbox 669 1299 706 1355; x_wconf 89' lang='lat' dir='ltr'><strong>et</strong></span> <span class='ocrx_word' id='word_1_51' title='bbox 740 1285 996 1381; x_wconf 79' lang='lat' dir='ltr'><strong>cartilaginem</strong></span> <span class='ocrx_word' id='word_1_52' title='bbox 1027 1281 1303 1372; x_wconf 78' lang='lat' dir='ltr'><strong>mediae‚·facie</strong></span> 
     </span>
     <span class='ocr_line' id='line_1_9' title="bbox 291 1401 1306 1498; baseline -0.005 -23"><span class='ocrx_word' id='word_1_53' title='bbox 291 1419 421 1475; x_wconf 89' lang='lat' dir='ltr'><strong>tamen</strong></span> <span class='ocrx_word' id='word_1_54' title='bbox 436 1404 568 1473; x_wconf 90' lang='lat' dir='ltr'><strong>intima</strong></span> <span class='ocrx_word' id='word_1_55' title='bbox 588 1405 782 1472; x_wconf 83' lang='lat' dir='ltr'><strong>etiamtum</strong></span> <span class='ocrx_word' id='word_1_56' title='bbox 804 1401 1045 1474; x_wconf 77' lang='lat' dir='ltr'><strong>membraneo</strong></span> <span class='ocrx_word' id='word_1_57' title='bbox 1059 1429 1067 1471; x_wconf 80' lang='grc' dir='ltr'><strong><em>ε</em></strong></span> <span class='ocrx_word' id='word_1_58' title='bbox 1079 1401 1306 1498; x_wconf 81' lang='lat' dir='ltr'><strong>cujusmodi</strong></span> 
     </span>
     <span class='ocr_line' id='line_1_10' title="bbox 293 1518 1307 1617; baseline 0.001 -28"><span class='ocrx_word' id='word_1_59' title='bbox 293 1521 425 1617; x_wconf 85' lang='lat' dir='ltr'><strong>vitium</strong></span> <span class='ocrx_word' id='word_1_60' title='bbox 442 1522 481 1589; x_wconf 91' lang='lat' dir='ltr'><strong>in</strong></span> <span class='ocrx_word' id='word_1_61' title='bbox 498 1519 579 1590; x_wconf 89' lang='lat' dir='ltr'><strong>aliis</strong></span> <span class='ocrx_word' id='word_1_62' title='bbox 599 1543 751 1617; x_wconf 88' lang='lat' dir='ltr'><strong>quoque</strong></span> <span class='ocrx_word' id='word_1_63' title='bbox 768 1519 975 1616; x_wconf 85' lang='lat' dir='ltr'><strong>majoribus</strong></span> <span class='ocrx_word' id='word_1_64' title='bbox 990 1518 1139 1592; x_wconf 86' lang='lat' dir='ltr'><strong>&#39;cerebri</strong></span> <span class='ocrx_word' id='word_1_65' title='bbox 1160 1519 1307 1591; x_wconf 84' lang='lat' dir='ltr'><strong>arteriis</strong></span> 
     </span>
     <span class='ocr_line' id='line_1_11' title="bbox 292 1636 1307 1736; baseline -0.002 -28"><span class='ocrx_word' id='word_1_66' title='bbox 292 1638 369 1736; x_wconf 91' lang='lat' dir='ltr'><strong>jam</strong></span> <span class='ocrx_word' id='word_1_67' title='bbox 386 1636 603 1710; x_wconf 91' lang='lat' dir='ltr'><strong>inchoatum</strong></span> <span class='ocrx_word' id='word_1_68' title='bbox 627 1639 748 1709; x_wconf 91' lang='lat' dir='ltr'><strong>visum</strong></span> <span class='ocrx_word' id='word_1_69' title='bbox 769 1653 833 1708; x_wconf 88' lang='lat' dir='ltr'><strong>est.</strong></span> <span class='ocrx_word' id='word_1_70' title='bbox 860 1642 969 1708; x_wconf 83' lang='lat' dir='ltr'><strong>Extra</strong></span> <span class='ocrx_word' id='word_1_71' title='bbox 989 1639 1162 1708; x_wconf 87' lang='lat' dir='ltr'><strong>cranium</strong></span> <span class='ocrx_word' id='word_1_72' title='bbox 1181 1652 1307 1708; x_wconf 86' lang='lat' dir='ltr'><strong>autem</strong></span> 
     </span>
    </p>
   </div>
   <div class='ocr_carea' id='block_1_3' title="bbox 131 1749 1307 1854">
    <p class='ocr_par' dir='ltr' id='par_1_3' title="bbox 131 1749 1307 1854">
     <span class='ocr_line' id='line_1_12' title="bbox 131 1749 1307 1854; baseline -0.002 -26"><span class='ocrx_word' id='word_1_73' title='bbox 131 1749 133 1756; x_wconf 61' lang='grc'><em>’</em></span> <span class='ocrx_word' id='word_1_74' title='bbox 241 1803 243 1808; x_wconf 92' lang='grc'>-</span> <span class='ocrx_word' id='word_1_75' title='bbox 298 1757 421 1828; x_wconf 87' lang='lat' dir='ltr'><strong>multo</strong></span> <span class='ocrx_word' id='word_1_76' title='bbox 433 1757 580 1854; x_wconf 84' lang='lat' dir='ltr'><strong>gravius</strong></span> <span class='ocrx_word' id='word_1_77' title='bbox 597 1771 686 1826; x_wconf 89' lang='lat' dir='ltr'><strong>erat.</strong></span> <span class='ocrx_word' id='word_1_78' title='bbox 705 1760 878 1851; x_wconf 86' lang='lat' dir='ltr'><strong>Namque</strong></span> <span class='ocrx_word' id='word_1_79' title='bbox 893 1759 931 1825; x_wconf 90' lang='lat' dir='ltr'><strong>in</strong></span> <span class='ocrx_word' id='word_1_80' title='bbox 945 1756 1064 1830; x_wconf 85' lang='lat' dir='ltr'><strong>altero</strong></span> <span class='ocrx_word' id='word_1_81' title='bbox 1076 1756 1166 1826; x_wconf 91' lang='lat' dir='ltr'><strong>colli</strong></span> <span class='ocrx_word' id='word_1_82' title='bbox 1178 1755 1307 1845; x_wconf 87' lang='lat' dir='ltr'><strong>latere,</strong></span> 
     </span>
    </p>
   </div>
   <div class='ocr_carea' id='block_1_4' title="bbox 296 1873 1396 4102">
    <p class='ocr_par' dir='ltr' id='par_1_4' title="bbox 296 1873 1396 4102">
     <span class='ocr_line' id='line_1_13' title="bbox 296 1873 1307 1973; baseline -0.002 -27"><span class='ocrx_word' id='word_1_83' title='bbox 296 1873 344 1946; x_wconf 86' lang='lat' dir='ltr'><strong>ad</strong></span> <span class='ocrx_word' id='word_1_84' title='bbox 358 1876 476 1973; x_wconf 89' lang='lat' dir='ltr'><strong>ipsam</strong></span> <span class='ocrx_word' id='word_1_85' title='bbox 498 1875 675 1946; x_wconf 84' lang='lat' dir='ltr'><strong>carotidis</strong></span> <span class='ocrx_word' id='word_1_86' title='bbox 690 1873 913 1944; x_wconf 90' lang='lat' dir='ltr'><strong>divisionem</strong></span> <span class='ocrx_word' id='word_1_87' title='bbox 934 1897 1039 1944; x_wconf 85' lang='lat' dir='ltr'><strong>ossea</strong></span> <span class='ocrx_word' id='word_1_88' title='bbox 1058 1899 1138 1944; x_wconf 92' lang='lat' dir='ltr'><strong>non</strong></span> <span class='ocrx_word' id='word_1_89' title='bbox 1158 1873 1307 1944; x_wconf 86' lang='lat' dir='ltr'><strong>modica</strong></span> 
     </span>
     <span class='ocr_line' id='line_1_14' title="bbox 297 1990 1307 2090; baseline 0 -28"><span class='ocrx_word' id='word_1_90' title='bbox 297 1990 446 2063; x_wconf 89' lang='lat' dir='ltr'><strong>lamella</strong></span> <span class='ocrx_word' id='word_1_91' title='bbox 475 1994 574 2064; x_wconf 88' lang='lat' dir='ltr'><strong>inter</strong></span> <span class='ocrx_word' id='word_1_92' title='bbox 599 1993 680 2088; x_wconf 90' lang='lat' dir='ltr'><strong>ejus</strong></span> <span class='ocrx_word' id='word_1_93' title='bbox 709 1991 856 2063; x_wconf 86' lang='lat' dir='ltr'><strong>tunicas</strong></span> <span class='ocrx_word' id='word_1_94' title='bbox 885 1993 1033 2063; x_wconf 89' lang='lat' dir='ltr'><strong>inerat:</strong></span> <span class='ocrx_word' id='word_1_95' title='bbox 1061 1991 1307 2090; x_wconf 85' lang='lat' dir='ltr'><strong>ejusdemque</strong></span> 
     </span>
     <span class='ocr_line' id='line_1_15' title="bbox 296 2111 1307 2209; baseline -0.001 -27"><span class='ocrx_word' id='word_1_96' title='bbox 296 2123 456 2183; x_wconf 87' lang='lat' dir='ltr'><strong>truncus</strong></span> <span class='ocrx_word' id='word_1_97' title='bbox 476 2126 579 2183; x_wconf 91' lang='lat' dir='ltr'><strong>totus</strong></span> <span class='ocrx_word' id='word_1_98' title='bbox 593 2127 672 2183; x_wconf 88' lang='lat' dir='ltr'><strong>erat</strong></span> <span class='ocrx_word' id='word_1_99' title='bbox 688 2111 895 2209; x_wconf 91' lang='lat' dir='ltr'><strong>plurimum</strong></span> <span class='ocrx_word' id='word_1_100' title='bbox 911 2111 1104 2200; x_wconf 85' lang='lat' dir='ltr'><strong>dilatatus,</strong></span> <span class='ocrx_word' id='word_1_101' title='bbox 1123 2136 1214 2182; x_wconf 91' lang='lat' dir='ltr'><strong>cum</strong></span> <span class='ocrx_word' id='word_1_102' title='bbox 1233 2113 1307 2207; x_wconf 90' lang='lat' dir='ltr'><strong>jus-</strong></span> 
     </span>
     <span class='ocr_line' id='line_1_16' title="bbox 300 2228 1307 2302; baseline -0.005 0"><span class='ocrx_word' id='word_1_103' title='bbox 300 2243 362 2302; x_wconf 92' lang='lat' dir='ltr'><strong>tus</strong></span> <span class='ocrx_word' id='word_1_104' title='bbox 392 2245 487 2302; x_wconf 91' lang='lat' dir='ltr'><strong>esset</strong></span> <span class='ocrx_word' id='word_1_105' title='bbox 515 2232 554 2300; x_wconf 92' lang='lat' dir='ltr'><strong>in</strong></span> <span class='ocrx_word' id='word_1_106' title='bbox 584 2230 750 2300; x_wconf 79' lang='lat' dir='ltr'><strong>carotide</strong></span> <span class='ocrx_word' id='word_1_107' title='bbox 779 2229 895 2302; x_wconf 89' lang='lat' dir='ltr'><strong>altera</strong></span> <span class='ocrx_word' id='word_1_108' title='bbox 920 2228 1129 2301; x_wconf 91' lang='lat' dir='ltr'><strong>latitudinis</strong></span> <span class='ocrx_word' id='word_1_109' title='bbox 1161 2228 1307 2300; x_wconf 88' lang='lat' dir='ltr'><strong>modus.</strong></span> 
     </span>
     <span class='ocr_line' id='line_1_17' title="bbox 299 2346 1308 2446; baseline 0.001 -31"><span class='ocrx_word' id='word_1_110' title='bbox 299 2346 479 2417; x_wconf 91' lang='lat' dir='ltr'><strong>Thoracis</strong></span> <span class='ocrx_word' id='word_1_111' title='bbox 489 2363 615 2418; x_wconf 88' lang='lat' dir='ltr'><strong>tamen</strong></span> <span class='ocrx_word' id='word_1_112' title='bbox 633 2351 794 2434; x_wconf 88' lang='lat' dir='ltr'><strong>viscera,</strong></span> <span class='ocrx_word' id='word_1_113' title='bbox 816 2363 853 2418; x_wconf 89' lang='lat' dir='ltr'><strong>et</strong></span> <span class='ocrx_word' id='word_1_114' title='bbox 871 2371 1006 2446; x_wconf 88' lang='lat' dir='ltr'><strong>magna</strong></span> <span class='ocrx_word' id='word_1_115' title='bbox 1023 2371 1109 2419; x_wconf 90' lang='lat' dir='ltr'><strong>vasa</strong></span> <span class='ocrx_word' id='word_1_116' title='bbox 1131 2371 1221 2419; x_wconf 90' lang='lat' dir='ltr'><strong>cum</strong></span> <span class='ocrx_word' id='word_1_117' title='bbox 1233 2373 1308 2446; x_wconf 89' lang='lat' dir='ltr'><strong>per·</strong></span> 
     </span>
     <span class='ocr_line' id='line_1_18' title="bbox 299 2459 1307 2563; baseline 0 -31"><span class='ocrx_word' id='word_1_118' title='bbox 299 2459 516 2550; x_wconf 82' lang='lat' dir='ltr'><strong>lustrarem,</strong></span> <span class='ocrx_word' id='word_1_119' title='bbox 545 2489 734 2563; x_wconf 89' lang='lat' dir='ltr'><strong>nusquam</strong></span> <span class='ocrx_word' id='word_1_120' title='bbox 768 2464 1006 2538; x_wconf 87' lang='lat' dir='ltr'><strong>dilatationes</strong></span> <span class='ocrx_word' id='word_1_121' title='bbox 1040 2465 1307 2537; x_wconf 82' lang='lat' dir='ltr'><strong>animadverti:</strong></span> 
     </span>
     <span class='ocr_line' id='line_1_19' title="bbox 302 2581 1310 2681; baseline 0.001 -30"><span class='ocrx_word' id='word_1_122' title='bbox 302 2583 474 2678; x_wconf 89' lang='lat' dir='ltr'><strong>quamvis</strong></span> <span class='ocrx_word' id='word_1_123' title='bbox 488 2597 591 2653; x_wconf 89' lang='lat' dir='ltr'><strong>aorta</strong></span> <span class='ocrx_word' id='word_1_124' title='bbox 611 2607 731 2681; x_wconf 88' lang='lat' dir='ltr'><strong>prope</strong></span> <span class='ocrx_word' id='word_1_125' title='bbox 751 2583 919 2654; x_wconf 88' lang='lat' dir='ltr'><strong>valvulas</strong></span> <span class='ocrx_word' id='word_1_126' title='bbox 938 2581 1075 2654; x_wconf 90' lang='lat' dir='ltr'><strong>indicia</strong></span> <span class='ocrx_word' id='word_1_127' title='bbox 1093 2581 1310 2655; x_wconf 90' lang='lat' dir='ltr'><strong>ostenderet</strong></span> 
     </span>
     <span class='ocr_line' id='line_1_20' title="bbox 301 2695 1307 2798; baseline 0.002 -30"><span class='ocrx_word' id='word_1_128' title='bbox 301 2695 420 2768; x_wconf 84' lang='lat' dir='ltr'><strong>futuri</strong></span> <span class='ocrx_word' id='word_1_129' title='bbox 438 2701 550 2788; x_wconf 88' lang='lat' dir='ltr'><strong>ossis,</strong></span> <span class='ocrx_word' id='word_1_130' title='bbox 571 2725 689 2798; x_wconf 88' lang='lat' dir='ltr'><strong>eaque</strong></span> <span class='ocrx_word' id='word_1_131' title='bbox 706 2699 795 2771; x_wconf 87' lang='lat' dir='ltr'><strong>alibi</strong></span> <span class='ocrx_word' id='word_1_132' title='bbox 811 2702 943 2788; x_wconf 88' lang='lat' dir='ltr'><strong>etiam;</strong></span> <span class='ocrx_word' id='word_1_133' title='bbox 963 2701 1055 2798; x_wconf 87' lang='lat' dir='ltr'><strong>quin</strong></span> <span class='ocrx_word' id='word_1_134' title='bbox 1077 2701 1307 2788; x_wconf 86' lang='lat' dir='ltr'><strong>mediocrem</strong></span> 
     </span>
     <span class='ocr_line' id='line_1_21' title="bbox 301 2814 1308 2919; baseline 0.003 -34"><span class='ocrx_word' id='word_1_135' title='bbox 301 2814 479 2889; x_wconf 88' lang='lat' dir='ltr'><strong>laminam</strong></span> <span class='ocrx_word' id='word_1_136' title='bbox 497 2816 655 2892; x_wconf 86' lang='lat' dir='ltr'><strong>haberet</strong></span> <span class='ocrx_word' id='word_1_137' title='bbox 667 2841 812 2890; x_wconf 87' lang='lat' dir='ltr'><strong>osseam</strong></span> <span class='ocrx_word' id='word_1_138' title='bbox 831 2818 902 2890; x_wconf 94' lang='lat' dir='ltr'><strong>sub</strong></span> <span class='ocrx_word' id='word_1_139' title='bbox 916 2815 1211 2919; x_wconf 75' lang='lat' dir='ltr'><strong>intimatunica‚</strong></span> <span class='ocrx_word' id='word_1_140' title='bbox 1230 2843 1308 2916; x_wconf 81' lang='lat' dir='ltr'><strong>qua,</strong></span> 
     </span>
     <span class='ocr_line' id='line_1_22' title="bbox 303 2933 1309 3032; baseline -0.001 -26"><span class='ocrx_word' id='word_1_141' title='bbox 303 2933 492 3006; x_wconf 85' lang='lat' dir='ltr'><strong>subclavia</strong></span> <span class='ocrx_word' id='word_1_142' title='bbox 516 2936 664 3006; x_wconf 87' lang='lat' dir='ltr'><strong>sinistra</strong></span> <span class='ocrx_word' id='word_1_143' title='bbox 690 2937 841 3023; x_wconf 89' lang='lat' dir='ltr'><strong>emissa,</strong></span> <span class='ocrx_word' id='word_1_144' title='bbox 862 2935 1092 3008; x_wconf 86' lang='lat' dir='ltr'><strong>descendere</strong></span> <span class='ocrx_word' id='word_1_145' title='bbox 1114 2937 1196 3032; x_wconf 87' lang='lat' dir='ltr'><strong>jam</strong></span> <span class='ocrx_word' id='word_1_146' title='bbox 1221 2937 1309 3008; x_wconf 89' lang='lat' dir='ltr'><strong>inci·</strong></span> 
     </span>
     <span class='ocr_line' id='line_1_23' title="bbox 303 3053 1309 3153; baseline 0.001 -30"><span class='ocrx_word' id='word_1_147' title='bbox 303 3053 440 3151; x_wconf 90' lang='lat' dir='ltr'><strong>piebat.</strong></span> <span class='ocrx_word' id='word_1_148' title='bbox 461 3054 654 3153; x_wconf 80' lang='lat' dir='ltr'><strong>Polyposoe</strong></span> <span class='ocrx_word' id='word_1_149' title='bbox 668 3070 793 3126; x_wconf 85' lang='lat' dir='ltr'><strong>autem</strong></span> <span class='ocrx_word' id='word_1_150' title='bbox 808 3056 1070 3126; x_wconf 88' lang='lat' dir='ltr'><strong>concretiones</strong></span> <span class='ocrx_word' id='word_1_151' title='bbox 1086 3053 1309 3126; x_wconf 89' lang='lat' dir='ltr'><strong>obtinebant</strong></span> 
     </span>
     <span class='ocr_line' id='line_1_24' title="bbox 303 3172 1309 3271; baseline 0 -28"><span class='ocrx_word' id='word_1_152' title='bbox 303 3175 441 3269; x_wconf 88' lang='lat' dir='ltr'><strong>passim</strong></span> <span class='ocrx_word' id='word_1_153' title='bbox 457 3173 581 3244; x_wconf 93' lang='lat' dir='ltr'><strong>cordis</strong></span> <span class='ocrx_word' id='word_1_154' title='bbox 595 3173 850 3260; x_wconf 84' lang='lat' dir='ltr'><strong>ventriculos,</strong></span> <span class='ocrx_word' id='word_1_155' title='bbox 869 3174 1074 3271; x_wconf 74' lang='lat' dir='ltr'><strong>prasertim</strong></span> <span class='ocrx_word' id='word_1_156' title='bbox 1093 3172 1309 3261; x_wconf 78' lang='lat' dir='ltr'><strong>dexterum,</strong></span> 
     </span>
     <span class='ocr_line' id='line_1_25' title="bbox 307 3289 1309 3389; baseline 0.002 -29"><span class='ocrx_word' id='word_1_157' title='bbox 307 3305 343 3360; x_wconf 91' lang='lat' dir='ltr'><strong>et</strong></span> <span class='ocrx_word' id='word_1_158' title='bbox 358 3315 493 3387; x_wconf 82' lang='lat' dir='ltr'><strong>magna</strong></span> <span class='ocrx_word' id='word_1_159' title='bbox 510 3315 617 3380; x_wconf 83' lang='lat' dir='ltr'><strong>vasa,</strong></span> <span class='ocrx_word' id='word_1_160' title='bbox 635 3293 856 3389; x_wconf 88' lang='lat' dir='ltr'><strong>inquorum</strong></span> <span class='ocrx_word' id='word_1_161' title='bbox 876 3316 955 3362; x_wconf 92' lang='lat' dir='ltr'><strong>uno</strong></span> <span class='ocrx_word' id='word_1_162' title='bbox 976 3289 1046 3362; x_wconf 83' lang='lat' dir='ltr'><strong>fuit</strong></span> <span class='ocrx_word' id='word_1_163' title='bbox 1065 3291 1243 3388; x_wconf 74' lang='lat' dir='ltr'><strong>quadam</strong></span> <span class='ocrx_word' id='word_1_164' title='bbox 1259 3318 1309 3365; x_wconf 86' lang='lat' dir='ltr'><strong>ea·</strong></span> 
     </span>
     <span class='ocr_line' id='line_1_26' title="bbox 305 3406 1311 3508; baseline 0.004 -32"><span class='ocrx_word' id='word_1_165' title='bbox 305 3430 391 3476; x_wconf 91' lang='lat' dir='ltr'><strong>rum</strong></span> <span class='ocrx_word' id='word_1_166' title='bbox 414 3406 558 3497; x_wconf 87' lang='lat' dir='ltr'><strong>albida,</strong></span> <span class='ocrx_word' id='word_1_167' title='bbox 578 3426 690 3506; x_wconf 86' lang='lat' dir='ltr'><strong>atque</strong></span> <span class='ocrx_word' id='word_1_168' title='bbox 712 3409 762 3480; x_wconf 89' lang='lat' dir='ltr'><strong>ita</strong></span> <span class='ocrx_word' id='word_1_169' title='bbox 786 3425 1001 3508; x_wconf 85' lang='lat' dir='ltr'><strong>compacta,</strong></span> <span class='ocrx_word' id='word_1_170' title='bbox 1025 3425 1067 3480; x_wconf 88' lang='lat' dir='ltr'><strong>ut</strong></span> <span class='ocrx_word' id='word_1_171' title='bbox 1090 3409 1311 3482; x_wconf 87' lang='lat' dir='ltr'><strong>distrahenti</strong></span> 
     </span>
     <span class='ocr_line' id='line_1_27' title="bbox 305 3523 1310 3602; baseline 0.002 -6"><span class='ocrx_word' id='word_1_172' title='bbox 305 3523 414 3596; x_wconf 81' lang='lat' dir='ltr'><strong>valde</strong></span> <span class='ocrx_word' id='word_1_173' title='bbox 433 3526 629 3598; x_wconf 85' lang='lat' dir='ltr'><strong>resisteret.</strong></span> <span class='ocrx_word' id='word_1_174' title='bbox 649 3528 801 3600; x_wconf 88' lang='lat' dir='ltr'><strong>Ventris</strong></span> <span class='ocrx_word' id='word_1_175' title='bbox 820 3531 962 3600; x_wconf 89' lang='lat' dir='ltr'><strong>viscera</strong></span> <span class='ocrx_word' id='word_1_176' title='bbox 981 3527 1077 3599; x_wconf 88' lang='lat' dir='ltr'><strong>nihil</strong></span> <span class='ocrx_word' id='word_1_177' title='bbox 1095 3527 1310 3602; x_wconf 88' lang='lat' dir='ltr'><strong>habuerunt</strong></span> 
     </span>
     <span class='ocr_line' id='line_1_28' title="bbox 306 3643 1396 3746; baseline 0.004 -32"><span class='ocrx_word' id='word_1_178' title='bbox 306 3645 402 3732; x_wconf 88' lang='lat' dir='ltr'><strong>vitii,</strong></span> <span class='ocrx_word' id='word_1_179' title='bbox 418 3643 448 3714; x_wconf 91' lang='lat' dir='ltr'><strong>si</strong></span> <span class='ocrx_word' id='word_1_180' title='bbox 462 3667 591 3716; x_wconf 90' lang='lat' dir='ltr'><strong>renem</strong></span> <span class='ocrx_word' id='word_1_181' title='bbox 606 3645 765 3716; x_wconf 90' lang='lat' dir='ltr'><strong>alterum</strong></span> <span class='ocrx_word' id='word_1_182' title='bbox 779 3649 958 3745; x_wconf 85' lang='lat' dir='ltr'><strong>excipias,</strong></span> <span class='ocrx_word' id='word_1_183' title='bbox 974 3647 1041 3743; x_wconf 89' lang='lat' dir='ltr'><strong>qui</strong></span> <span class='ocrx_word' id='word_1_184' title='bbox 1054 3646 1126 3717; x_wconf 91' lang='lat' dir='ltr'><strong>sub</strong></span> <span class='ocrx_word' id='word_1_185' title='bbox 1142 3648 1223 3744; x_wconf 89' lang='lat' dir='ltr'><strong>ipsa</strong></span> <span class='ocrx_word' id='word_1_186' title='bbox 1233 3673 1311 3745; x_wconf 91' lang='lat' dir='ltr'><strong>pro·</strong></span> <span class='ocrx_word' id='word_1_187' title='bbox 1395 3725 1396 3746; x_wconf 18' lang='lat' dir='ltr'><strong>p</strong></span> 
     </span>
     <span class='ocr_line' id='line_1_29' title="bbox 307 3761 1396 3861; baseline 0.002 -29"><span class='ocrx_word' id='word_1_188' title='bbox 307 3764 390 3861; x_wconf 88' lang='lat' dir='ltr'><strong>pria</strong></span> <span class='ocrx_word' id='word_1_189' title='bbox 406 3763 533 3834; x_wconf 89' lang='lat' dir='ltr'><strong>tunica</strong></span> <span class='ocrx_word' id='word_1_190' title='bbox 555 3764 728 3836; x_wconf 89' lang='lat' dir='ltr'><strong>cellulam</strong></span> <span class='ocrx_word' id='word_1_191' title='bbox 748 3761 1095 3853; x_wconf 60' lang='lat' dir='ltr'><strong>continebansabae</strong></span> <span class='ocrx_word' id='word_1_192' title='bbox 1114 3765 1312 3838; x_wconf 89' lang='lat' dir='ltr'><strong>mediocris</strong></span> <span class='ocrx_word' id='word_1_193' title='bbox 1395 3781 1396 3834; x_wconf 72' lang='lat' dir='ltr'><strong>t</strong></span> 
     </span>
     <span class='ocr_line' id='line_1_30' title="bbox 309 3866 1396 3982; baseline 0.005 -33"><span class='ocrx_word' id='word_1_194' title='bbox 309 3881 484 3979; x_wconf 86' lang='lat' dir='ltr'><strong>capacem</strong></span> <span class='ocrx_word' id='word_1_195' title='bbox 496 3881 597 3970; x_wconf 82' lang='lat' dir='ltr'><strong>‚seri</strong></span> <span class='ocrx_word' id='word_1_196' title='bbox 610 3883 771 3980; x_wconf 88' lang='lat' dir='ltr'><strong>plenam.</strong></span> <span class='ocrx_word' id='word_1_197' title='bbox 792 3884 938 3957; x_wconf 87' lang='lat' dir='ltr'><strong>Nehoc</strong></span> <span class='ocrx_word' id='word_1_198' title='bbox 952 3866 1107 3982; x_wconf 89' lang='lat' dir='ltr'><strong>quidem</strong></span> <span class='ocrx_word' id='word_1_199' title='bbox 1125 3886 1310 3973; x_wconf 90' lang='lat' dir='ltr'><strong>omittam,</strong></span> <span class='ocrx_word' id='word_1_200' title='bbox 1395 3879 1396 3902; x_wconf 62' lang='lat'>¹</span> 
     </span>
     <span class='ocr_line' id='line_1_31' title="bbox 310 3997 1314 4102; baseline 0.008 -37"><span class='ocrx_word' id='word_1_201' title='bbox 310 3997 357 4066; x_wconf 89' lang='lat' dir='ltr'><strong>ad</strong></span> <span class='ocrx_word' id='word_1_202' title='bbox 378 3999 494 4072; x_wconf 87' lang='lat' dir='ltr'><strong>altera</strong></span> <span class='ocrx_word' id='word_1_203' title='bbox 517 4000 708 4075; x_wconf 87' lang='lat' dir='ltr'><strong>seminalis</strong></span> <span class='ocrx_word' id='word_1_204' title='bbox 723 4003 935 4078; x_wconf 84' lang='lat' dir='ltr'><strong>carunculae</strong></span> <span class='ocrx_word' id='word_1_205' title='bbox 957 4002 1247 4102; x_wconf 82' lang='lat' dir='ltr'><strong>granulaquasi</strong></span> <span class='ocrx_word' id='word_1_206' title='bbox 1266 4018 1314 4074; x_wconf 86' lang='lat' dir='ltr'><strong>ta·</strong></span> 
     </span>
    </p>
   </div>
   <div class='ocr_carea' id='block_1_5' title="bbox 0 0 1434 4660">
    <p class='ocr_par' dir='ltr' id='par_1_5' title="bbox 0 0 1434 4660">
     <span class='ocr_line' id='line_1_32' title="bbox 0 0 1434 4660; baseline 0 0"><span class='ocrx_word' id='word_1_207' title='bbox 0 0 1434 4660; x_wconf 95' lang='lat' dir='ltr'><strong> </strong></span> 
     </span>
    </p>
   </div>
  </div>
 </body>
</html>
