2816 4668
154 483 223 530 nm.
254 483 297 530 n.
324 483 370 530 nr
398 479 539 528 uonms·
561 479 754 543 moriers,
779 479 891 528 urrsr.
918 483 999 527 xxv.
1028 455 1106 546 4⁴05:

89 597 248 666 tentiam
263 597 316 666 ire
330 593 388 665 his
399 584 563 664 minbres
573 592 711 662 medici
721 609 989 690 perrexerunt,
1002 581 1101 693 prio-

87 735 197 798 rum,
218 727 330 809 atque
342 709 437 782 adeo
454 710 691 782 vetustissimi
712 709 903 807 scriptoris
912 709 1114 784 librorum·

91 826 143 898 de
156 826 301 899 morbis
314 829 389 924 (ι),
405 827 472 924 qui
489 823 633 896 nullum
649 828 819 898 morbum
834 833 872 896 in
884 827 997 898 eorde
1010 831 1100 900 obo-

89 949 164 1014 riri
195 944 415 1033 tradiderat,
441 943 699 1016 auctoritatem
726 943 866 1033 secuti,
898 970 1011 1018 nemo
1041 947 1099 1017 sui

94 1061 223 1158 culpa,
233 1062 296 1146 sed
307 1085 438 1134 omnes
448 1061 642 1157 temporis,
658 1058 782 1132 donee
794 1060 906 1159 longe
921 1061 1022 1133 aliud
1038 1062 1101 1134 do·

93 1203 183 1250 cere
201 1180 313 1277 coepit
332 1178 505 1251 dissectio
521 1179 762 1266 cadaverum,
779 1204 859 1250 non
872 1178 1101 1270 bestiarum,

90 1295 162 1366 sed
181 1293 397 1386 hominum,
416 1311 459 1367 ut
477 1321 574 1393 quos
592 1296 788 1394 multiplex
804 1287 1100 1396 intemperantiae

92 1435 234 1509 genus,
251 1415 453 1510 praesertim
470 1439 560 1494 vero
586 1439 702 1503 eurae,
720 1414 911 1512 animique
935 1413 1102 1488 affectio-

91 1532 417 1628 nesgravissimae,
438 1546 475 1602 et
490 1531 611 1628 longae
628 1557 707 1602 non
720 1557 805 1604 raro
822 1532 964 1622 cordis,
979 1549 1016 1604 et
1035 1558 1102 1606 an-

92 1672 283 1722 nexorum
301 1671 476 1718 vasorum
497 1647 639 1718 morbis
654 1646 840 1719 obnoxios
859 1647 1010 1718 faciunt.
1028 1654 1102 1722 Aut

96 1765 235 1863 prima,
252 1780 436 1862 quantum
445 1765 659 1838 meminisse
675 1788 778 1834 nunc
792 1787 943 1862 possum
954 1819 964 1852 ,
975 1780 1039 1835 aut
1053 1766 1103 1842 in-

97 1896 160 1954 ter
176 1883 321 1980 primas¹
332 1882 523 1954 Benivenii
538 1881 592 1978 (a)
605 1880 815 1954 observatio
835 1881 904 1953 fuit
924 1883 1021 1958 circa
1038 1882 1106 1954 ini-r

102 1999 199 2070 tium
216 1999 337 2072 saeculi
348 2004 451 2088 XVI,
466 2000 532 2096 qui
552 1999 591 2068 in
610 1996 712 2088 fure,
732 2000 1105 2097 suspendionecato,

103 2119 312 2191 abscessum
319 2113 476 2188 offendit
486 2121 523 2184 in
532 2120 679 2186 sinistro
689 2115 811 2188 cordis
820 2131 961 2203 ventre,
963 2121 1105 2214 pituita

104 2232 386 2304 redundantem.
408 2233 715 2304 Observationem
734 2235 832 2308 hanc
851 2259 930 2306 non
946 2236 995 2306 ita
1009 2235 1108 2306 mul-x

104 2347 154 2419 tis
165 2365 249 2445 post
259 2353 366 2422 annis
383 2352 527 2448 excepit
537 2351 651 2422 altera
668 2351 900 2423 medicorum
916 2355 1105 2430 Viennen-

106 2466 221 2554 sium,
237 2467 584 2583 affuibusauditam
600 2467 774 2540 Matthias
787 2473 932 2542 Cornax
942 2469 1108 2567 vulgavit

106 2584 227 2688 multo
259 2601 388 2682 postea
418 2587 457 2656 in
502 2586 747 2683 explicatione
781 2588 906 2660 addita
939 2589 1109 2664 Historiae

108 2724 183 2774 suae
195 2701 279 2798 (3).·.
293 2729 375 2800 quae
385 2703 598 2776 observatio
609 2705 648 2774 in
663 2705 910 2802 Sepulchreto
921 2707 1041 2802 prima
1052 2722 1108 2780 est

43 2874 45 2888 .
108 2821 283 2892 sectionis
309 2821 440 2917 hujus,
462 2821 687 2919 exhibetque
707 2822 932 2920 plusquam
947 2823 1109 2898 mediam

101 2953 255 3035 partem
267 2939 585 3016 cordusanusam
601 2953 639 3010 et
642 2939 845 3037 putredine
855 2940 1110 3036 absumptam,

113 3083 157 3130 ex
172 3057 356 3154 parietum
375 3055 566 3144 videlicet,
585 3072 627 3128 ut
642 3080 711 3152 ego
733 3055 923 3152 intelligo,
938 3057 1110 3134 erassitu-

112 3174 211 3246 dine.
224 3173 467 3246 Paucioribus
481 3175 683 3268 interjectis
699 3174 824 3260 anniS,
841 3173 986 3245 tertiam
1007 3173 1111 3245 addi:

113 3291 168 3364 dit
186 3292 362 3364 Nicolaus
380 3296 498 3363 Massa
513 3291 585 3387 (4),
609 3291 716 3385 cujus
735 3314 918 3362 summam
937 3290 1055 3369 habes
1072 3295 1112 3374 in

115 3407 259 3482 scholio
274 3409 321 3478 ad
333 3410 586 3484 Viennensem
597 3406 1112 3506 observationem,quantum

187 4017 199 4092 l
219 4017 285 4078 Lib.
299 4015 462 4076 introduct.
476 4025 553 4072 anat.
567 4034 593 4072 c.
605 4014 651 4072 28.
696 4019 698 4024 ’
