2800 4674
292 497 361 586 164
455 519 501 567 or
527 516 673 566 seorsus
697 517 741 564 sr
767 515 889 566 causis
907 517 1122 566 *nonnosum

289 648 396 720 sunt,
422 656 469 704 ne
494 633 565 729 ipsi
589 629 744 728 quidem
763 654 957 728 persecare
981 645 1208 730 potuerunt3
1227 632 1292 704 sed

287 750 391 850 quod
406 750 544 820 horum
556 747 648 818 mihi
660 761 821 844 spectata
835 763 913 818 erat
922 745 1031 834 fides,
1045 773 1141 846 aeger
1151 743 1288 836 autem,

288 893 375 941 cum
390 866 566 936 Bononiae
585 862 778 962 degerem,
790 863 871 934 non'
887 885 993 938 secus
1009 881 1121 962 atque
1139 867 1221 961 ejus
1233 867 1289 936 in·

287 982 508 1071 commoda,
525 981 684 1053 maxime
701 996 824 1052 notus.

338 1105 394 1186 24.
425 1096 594 1170 Medicus
627 1098 855 1168 consistente
881 1100 1100 1194 aetate,'qui
1125 1099 1203 1193 jam
1224 1097 1289 1170 diu

257 1311 260 1318 ι
285 1217 496 1291 cachectica
513 1212 604 1285 facie
624 1210 763 1302 fuerat,
776 1229 905 1312 postea
920 1229 1042 1287 autem
1054 1216 1165 1286 etiam
1177 1211 1289 1287 anhe-

213 1373 216 1380 ·
241 1386 244 1392 ι
286 1333 365 1422 lus,
385 1348 421 1404 et
433 1345 714 1428 raucus,sputa
735 1331 900 1429 denique
915 1331 1074 1405 reddere
1094 1335 1209 1431 coepit
1224 1358 1288 1403 va·

285 1455 340 1527 rie
358 1452 540 1536 colorata,
557 1451 656 1519 inter
670 1473 753 1544 quae
767 1474 847 1520 non
864 1450 1037 1548 exiguum
1052 1447 1215 1522 frustum
1229 1477 1286 1523 ex·

280 1570 431 1644 ‘tussivit
463 1568 569 1638 curvi
592 1557 761 1654 ossiculi,
790 1567 897 1664 quod
922 1582 959 1639 et
984 1566 1077 1638 mihi
1102 1569 1284 1657 ostendit,

284 1691 373 1762 laeve
394 1713 414 1760 a
439 1709 527 1758 cava
550 1671 676 1781 parte,
694 1707 870 1781 asperum
894 1710 915 1755 a
941 1707 1116 1756 convexa.
1137 1691 1285 1760 Interea

280 1803 540 1913 ”suffocationis
556 1826 686 1890 sensu,
707 1826 832 1899 neque
858 1803 907 1872 ita
928 1826 1033 1892 rar0,
1055 1803 1284 1902 corripieba-

282 1921 355 2000 tur.
370 1917 488 1996 Nocte
508 1921 661 1992 demum
681 1918 843 2017 quadam
859 1945 944 1991 cum
962 1943 1000 1992 se
1018 1919 1151 1993 melius
1170 1920 1283 1994 habe·

282 2070 325 2117 re
342 2043 517 2126 dixisset,
534 2028 639 2110 horis
657 2052 744 2135 post
764 2035 893 2136 paucis
917 2039 1093 2111 inventus
1112 2053 1168 2111 est
1185 2064 1284 2109 mor·

282 2177 389 2248 tuus,
421 2154 518 2229 nihil
551 2155 708 2224 omnino
742 2155 924 2225 sentiente
955 2156 1022 2252 qui
1055 2155 1282 2228 inserviendi

284 2299 395 2349 causa
418 2275 457 2343 in
484 2269 617 2342 eodem
645 2269 842 2359 cubiculo,
865 2285 978 2368 atque
1006 2271 1101 2344 adeo
1128 2288 1282 2372 propter

278 2397 407 2493 'ipsum
427 2386 646 2461 dormiebat.
665 2386 865 2459 Pulmones
883 2413 970 2459 cum
989 2404 1112 2478 extra,
1129 2405 1210 2462 tum
1226 2392 1283 2460 iu-

281 2526 345 2585 tu's
361 2506 533 2581 vesiculis
547 2504 660 2576 obsiti
677 2519 802 2594 erant,
819 2505 905 2576 albo
922 2531 1017 2604 pure
1037 2507 1178 2605 plenis,
1195 2509 1279 2578 ina,-

281 2626 457 2729 qualibus
475 2625 526 2696 sic
538 2638 579 2694 ut
590 2623 841 2718 majoresuvae
858 2624 1008 2695 acinum
1027 2625 1279 2697 nonexcede-

278 2761 374 2819 rent.
408 2748 452 2815 In
482 2740 692 2840 pericardio
719 2740 881 2812 multum
904 2766 1008 2839 aquae
1038 2742 1206 2814 turbidoe.
1235 2747 1279 2812 ln

278 2863 393 2938 corde
411 2861 472 2933 vix
491 2884 568 2932 una
586 2858 744 2957 parvula
756 2860 948 2930 concretio
959 2859 1150 2959 polyposa.
1167 2860 1280 2932 Altio-

275 2992 359 3057 ‘rem
379 3003 517 3079 asperae
534 2976 676 3048 arteriae
688 2991 889 3064 truncum,
913 2991 950 3047 et
973 2976 1165 3075 laryngem
1192 2977 1279 3047 inci-

279 3101 388 3188 dere,
404 3095 455 3168 ob
471 3119 552 3165 eam
570 3117 653 3190 quae
670 3092 769 3164 dicta
784 3108 858 3179 est,
876 3116 1024 3164 causam
1039 3118 1118 3164 non
1139 3093 1253 3165 licuit.

330 3215 387 3288 25.
407 3219 452 3285 Et
467 3227 593 3283 tamen
612 3234 673 3281 eas
693 3210 928 3307 potissimum
954 3225 1079 3307 partes
1104 3211 1278 3309 introspi-

279 3358 365 3410 cere
393 3327 610 3428 oportebat,
642 3341 685 3397 ut
718 3325 819 3396 unde
850 3327 1053 3398 ossiculum
1082 3328 1277 3416 extitisset,

279 3443 582 3550 cognosceretur.
595 3448 651 3515 De
670 3443 744 3515 hoc
757 3445 857 3515 enim
873 3444 942 3516 alia
956 3445 1116 3516 aliorum
1134 3459 1275 3517 senten·

277 3575 329 3646 tia
342 3567 483 3651 fuerat,
498 3559 693 3635 nonnullis
707 3561 833 3658 inepte
846 3562 918 3658 pro
932 3562 1025 3632 ossis
1036 3561 1185 3658 hyoidis
1194 3586 1277 3659 par·

276 3687 409 3774 ticula,
423 3671 605 3755 ¹aliisvero
623 3701 693 3776 pro
710 3678 841 3747 annuli
855 3700 991 3777 asperae
1006 3677 1148 3748 arteriae
1159 3731 1169 3764 ,
1182 3679 1276 3750 ossei

277 3805 385 3892 facti,
404 3799 579 3899 portione
607 3792 854 3865 habentibus:
869 3796 941 3890 qui
963 3794 1119 3892 propius
1147 3792 1195 3864 ad
1213 3789 1275 3864 ve·=

276 3947 363 3996 rum
385 3917 539 3989 fortasse
565 3909 810 3998 accedebant,
834 3910 987 4008 quando
1008 3936 1030 3979 v
1054 3911 1067 3980 l
1088 3910 1275 3981 ramulum

186 4023 210 4122 ,⁵
277 4041 358 4141 'ejus
376 4033 519 4108 arteriae
528 4031 569 4102 in
586 4051 628 4106 os
645 4051 891 4119 conversum,
908 4030 995 4102 etin
1007 3936 1186 4129 pbthisici
1197 4027 1276 4126 qui·
