2800 4674
190 415 260 466 nm.
288 415 328 466 n.
356 416 403 466 nr
429 416 564 465 nonnis
588 415 788 480 rnonners,
814 417 925 466 rrrsr.
947 420 1021 466 xm.
1054 393 1119 470 163

112 547 170 602 rat
191 529 408 629 perforante
428 530 559 604 dolore
577 530 674 600 circa
694 527 861 602 medium
887 529 1013 603 lateris
1033 533 1122 604 dex·

111 649 203 736 teri,
224 650 292 745 qui
308 649 348 718 in
366 673 430 736 e0,
456 671 570 744 quem
593 647 767 744 exiguum
784 644 957 738 tenebat,
975 647 1061 724 loco
1082 673 1121 722 se

112 790 286 855 movere,
307 780 343 848 et
360 761 601 854 circumferre
616 762 836 852 videbatur,
854 761 977 847 linteis
994 765 1122 846 calidis

113 882 279 971 admotis
292 908 369 972 non
386 880 615 968 remittebat,
631 880 821 978 tangendo
836 895 961 968 autem
979 907 1122 956 cresce·

110 999 196 1088 bat,
215 1016 258 1072 ut
276 999 371 1073 inid
393 1000 489 1088 latus
511 1023 608 1096 eger
628 997 855 1086 decumbere
879 1023 958 1072 non
982 1015 1119 1096 posset.

110 1120 236 1187 Noctu
253 1114 366 1190 febris
384 1117 537 1204 accessit
552 1141 639 1206 cum
658 1112 797 1214 frigore
810 1116 1012 1214 incipiens,
1033 1141 1121 1196 cum

111 1233 254 1328 sudore
273 1249 398 1324 autem
417 1234 602 1309 desinens.
628 1236 717 1324 Quae
742 1234 811 1320 etsi
837 1248 915 1306 erat
937 1235 1123 1306 intermite

113 1365 218 1440 tene,
236 1365 363 1436 tamen
378 1377 464 1422 cum
477 1350 615 1440 rediret
632 1349 787 1449 singulis
804 1349 994 1439 noctibus,
1012 1350 1123 1422 dolor

112 1481 239 1542 autem
255 1467 355 1548 idern
371 1482 572 1565 perstaret,
585 1468 624 1538 in
641 1467 905 1539 nosocomium
920 1467 1023 1538 venit
1036 1467 1122 1539 ado-

110 1583 257 1676 lescens
276 1613 284 1654 :
306 1585 374 1665 ubi
396 1589 577 1683 sanguine
599 1587 774 1674 emissor
800 1583 978 1676 brachio,
1005 1585 1121 1658 latere

110 1716 237 1790 autem
259 1706 414 1790 inuncto
437 1728 482 1773 ex
503 1703 588 1773 olco
609 1701 729 1774 calido
748 1701 795 1786 de
820 1702 889 1772 lini
915 1701 1125 1776 seminibus

111 1843 310 1915 expresso,
330 1819 461 1901 sedem
480 1818 633 1913 quidem
648 1819 804 1888 mutavit
819 1817 950 1906 dolor,
967 1833 1124 1896 etnatu-

108 1958 190 2010 ram
213 1934 416 2020 hactenus,
432 1948 475 2003 ut
490 1933 616 2029 potius
637 1931 844 2029 gravgndo,
862 1957 976 2028 quam
995 1931 1121 2030 perfo-

110 2051 235 2124 rando
264 2049 472 2139 molestiam
501 2045 672 2140 afferrem
705 2062 880 2138 Caeterum
902 2064 1124 2134 mucronata

112 2168 311 2264 cartilage,
329 2167 379 2238 'ad
399 2191 485 2240 eum
506 2167 607 2254 enim
626 2167 752 2238 locum
776 2168 1018 2258 transiverat,
1044 2193 1122 2252 ma·-

110 2309 204 2356 num
223 2283 406 2382 tangentis
423 2281 519 2361 ferre
534 2309 612 2362 non
627 2298 786 2381 poterat.
807 2288 902 2358 Cum
914 2283 994 2358 haec
1013 2310 1121 2360 nono

106 2401 185 2496 jam
206 2401 267 2474 die
285 2401 331 2474 ab
351 2399 618 2490 initio-doloris
636 2403 687 2471 ita
705 2425 744 2474 se
760 2399 969 2494 baberent3
988 2428 1033 2483 en¹
1046 2403 1119 2474 irn-

108 2521 262 2616 proviso
282 2521 375 2600 tussi
393 2519 544 2610 oborta,
574 2519 767 2618 sanguinis
791 2544 967 2618 grumum
985 2519 1119 2594 foeten-
1193 2547 1194 2552 ¹

109 2649 205 2726 tem,
229 2637 381 2732 majoris
403 2651 582 2724 castaneae
606 2637 890 2735 magnitudine,
908 2663 1005 2741 aeger
1025 2639 1120 2734 reje÷
1205 2717 1208 2724 ,

109 2755 169 2824 cit.
187 2757 274 2846 Quo
291 2755 425 2850 ejecto,
440 2755 567 2844 omnia
580 2779 663 2852 quae
676 2753 899 2845 dictasunt,
916 2753 1059 2844 abiere,
1075 2769 1119 2830 ut

108 2895 178 2943 nec
195 2871 309 2962 febris
326 2887 438 2962 nocte
454 2872 643 2970 proxima,
660 2871 725 2944 sed
738 2871 896 2946 sudores
912 2874 1039 2970 potius
1054 2896 1115 2944 re-

110 2985 266 3078 dierint3
283 2988 519 3060 deindevero
534 3014 582 3060 ne
599 2987 640 3058 hi
655 2988 819 3086 quidem.
831 2982 956 3087 'Igitur
974 3013 1119 3086 quaere-

109 3103 194 3176 bam
207 3162 216 3195 ,
231 3106 334 3178 unde
351 3109 382 3178 is
392 3107 571 3205 grumas?
587 3129 673 3177 nam
687 3130 732 3176 ex
747 3107 882 3176 arteria
897 3127 1026 3203 aspera
1036 3131 1115 3178 non

111 3222 307 3295 videbatur
326 3247 369 3296 ea
388 3222 646 3322 magnitudine
665 3223 906 3321 provenisse:
929 3223 1117 3304 oneribus

111 3355 231 3412 autem
249 3343 410 3420 intimis,
428 3343 495 3413 etsi
515 3365 584 3440 per
605 3342 758 3412 extimas
777 3340 879 3413 baud
898 3343 949 3413 ita
968 3341 1116 3440 pridem

110 3459 257 3556 sanguis
271 3446 596 3556 'prodiissenaeger
608 3459 755 3530 venisse
768 3472 989 3530 constanter
1002 3483 1115 3557 nega-

110 3568 188 3660 bat,
204 3589 282 3644 tum
298 3599 380 3672 quae
395 3589 676 3672 precesserant,
694 3599 904 3673 eorumque
923 3575 1048 3647 subita
1061 3599 1118 3645 so·

111 3684 223 3777 lutio,
246 3691 390 3789 aliaque
410 3707 610 3790 praeterea,
632 3706 675 3763 ut
700 3693 772 3793 ipsi
796 3692 989 3764 crederem
1007 3688 1118 3762 lacie-

112 3800 209 3878 bant.
239 3806 537 3905 Relinquebatur
564 3824 607 3898 ut
635 3835 655 3882 e
682 3809 918 3892 ventriculo,
946 3807 1119 3907 quamvis

113 3921 212 3995 nulla
233 3925 280 3996 ad
301 3925 415 4019 hujus
432 3927 625 4022 regionem
643 3926 819 4002 molestia.
830 3925 967 4024 primis
982 3922 1118 3995 diebus
