2824 4668
201 423 270 472 tm.
297 423 338 472 11.
367 422 414 470 os
440 418 576 470 uonms
601 416 800 485 rnonsms,
826 421 936 469 emm.
961 425 1059 471 mv.
1088 399 1159 490 343

153 535 365 610 rationibus
384 560 467 633 quae
489 531 615 606 afferri
637 533 785 620 solent,
804 549 847 606 ut
868 559 934 624 eps
956 533 1033 613 e'sse
1050 539 1090 610 in
1106 541 1160 610 vi.
1216 581 1218 584 .

153 655 330 732 ventibus
352 649 584 730 ostendatur.
606 650 708 742 Quid
723 677 834 749 ergo,
850 654 999 750 inquis,
1013 678 1033 726 a
1050 656 1162 732 nobis

154 774 298 848 interea
332 769 547 858 faciendum
571 753 671 855 est?
688 769 755 852 Vir
782 770 876 845 alter
898 773 1095 878 experiens
1124 789 1162 850 ot

154 889 290 974 doctus
303 905 359 966 est
368 885 634 990 expectandus,
647 887 714 984 qui
730 886 777 965 ad
787 887 889 964 illam
902 887 1096 987 epistolam
1109 893 1163 966 sio

153 1007 381 1106 respondeat
392 1059 402 1098 ,
413 1021 456 1078 ut
473 1003 579 1104 quod
597 1003 692 1076 mihi
709 1003 862 1103 quidem
878 1059 888 1096 ,
904 1007 998 1081 sicut
1009 1007 1161 1106 alias(1)

155 1125 308 1224 scripsi,
324 1139 407 1196 non'
421 1124 471 1194 ita
490 1119 598 1198 facile
616 1121 777 1210 videtur,
792 1124 990 1226 perspicue
1006 1141 1043 1198 ot
1053 1123 1162 1203 firme

156 1243 389 1338 illasomnes
405 1242 543 1335 eximat
561 1237 828 1330 dubitationes.
848 1241 963 1333 Quod
981 1242 1054 1316 nisi
1078 1241 1163 1332 fiat,

156 1376 265 1458 cante
294 1358 472 1458 equidem
503 1357 550 1430 de
580 1357 730 1456 polypis
756 1357 862 1456 loqui
892 1384 1069 1458 pergam,
1091 1381 1183 1465 norff

159 1475 412 1572 committam,
428 1489 472 1546 ut
491 1499 575 1572 quae
590 1474 684 1547 mihi
701 1473 816 1546 dubia
834 1469 940 1564 sunt,
963 1501 1006 1548 ea
1021 1462 1162 1550 temeri

156 1619 229 1694 pro
238 1594 505 1692 certisponam.
519 1595 651 1687 Neque
665 1591 766 1663 enim
779 1592 941 1688 amplius
957 1617 1000 1664 ea
1011 1591 1098 1667 licet
1108 1618 1163 1666 ex·

158 1711 352 1784 cusatione
367 1708 423 1783 uti
434 1720 629 1804 qua'antea
639 1701 786 1781 licebat.
807 1707 1031 1804 Scripserat‚
1044 1733 1165 1778 exem-

157 1827 212 1927 pli
229 1827 364 1926 gratia,
390 1821 492 1896 anno
525 1821 634 1912 1685,
656 1819 913 1896 Zoilicofferus
934 1825 974 1894 in
997 1822 1167 1928 dissertae

161 1946 267 2018 tionc
285 1942 331 2014 de
344 1941 490 2041 polypo
508 1939 631 2012 cordis
653 1939 727 2038 (a):
748 1965 792 2012 eo
812 1945 905 2028 ritu,
921 1964 997 2038 quo
1014 1948 1165 2038 sanguis

154 2060 466 2161 pleuriticorum,
487 2041 799 2144 caementorum,
823 2071 888 2130 etc.
910 2081 1020 2128 vente
1034 2061 1166 2128 sectio·
1229 2143 1231 2150 Α

161 2204 209 2250 ne
233 2181 403 2266 emissus,
422 2174 512 2246 dnm
527 2188 684 2264 motum,
698 2189 830 2272 partes
850 2176 927 2270 ejus
950 2199 1077 2246 omnes
1096 2199 1166 2248 an-

164 2311 225 2369 tea
243 2299 455 2366 miscentem
470 2308 508 2366 et
524 2298 676 2366 invicem
694 2281 960 2380 obvo'leentem,
974 2291 1166 2390 paulatim

154 2411 288 2513 perdit
308 2435 472 2484 crassam
490 2409 619 2482 albam
633 2425 669 2480 et
683 2409 851 2498 densam,
871 2411 1016 2510 polypo
1036 2425 1164 2488 nostro

161 2531 371 2602 substantia
388 2533 540 2598 omnino
563 2527 740 2618 similem,
764 2533 802 2598 in
824 2530 1056 2626 superficiem
1077 2552 1167 2627 pro·
1237 2512 1240 2520 ’

164 2645 299 2738 trudit,
320 2645 433 2720 talem
450 2649 488 2715 in
503 2644 686 2742 ejusmodi
706 2639 876 2742 subjectis
896 2651 1166 2722 concretionem

163 2772 202 2836 in
227 2761 340 2836 corde
361 2779 399 2836 et
419 2769 522 2838 vast's
545 2765 623 2856 ejus
633 2778 729 2862 post
743 2778 900 2839 mortem
926 2787 1034 2860 teque
1057 2788 1104 2834 ac
1127 2769 1166 2836 in

162 2887 342 2980 sanguine
356 2887 487 2954 emisso
500 2881 598 2978 fieri
610 2905 742 2980 posse,
772 2879 869 2952 nihil
884 2895 957 2966 est,
983 2879 1090 2976 quod
1109 2903 1167 2948 me

165 2997 345 3100 inmediat
355 2995 504 3070 credere
511 3049 523 3084 ,
533 3003 747 3096 praesertim
763 3021 846 3068 cum
860 3000 898 3066 in
912 2988 985 3066 illis
996 2997 1167 3091 subjectis

165 3142 191 3187 α
208 3120 443 3192 concretione
457 3113 525 3186 itta
540 3112 731 3213 polyposa
747 3107 967 3186 subsidentis
986 3125 1023 3184 et
1035 3135 1169 3207 eoagu-

166 3231 236 3306 lati
251 3217 442 3330 sanguinis
455 3236 651 3332 portiones
669 3229 810 3328 alt‘qute
826 3227 1048 3327 plerumque
1065 3237 1169 3327 repe-

167 3358 330 3452 rientur,
346 3340 482 3426 similes
503 3354 680 3446 sanguini
697 3343 979 3448 plenriticormn
993 3369 1116 3426 cresso
1133 3362 1171 3418 et

165 3473 285 3564 nigro.
302 3471 490 3542 Jamvero
504 3469 534 3540 si
553 3465 662 3556 abeo
678 3482 767 3544 tunc
782 3489 988 3564 quaereres,
1006 3487 1074 3536 cur
1083 3478 1170 3562 post

168 3585 263 3674 haec,
279 3585 462 3656 conti-nuo
472 3584 562 3656 illuc
575 3586 795 3672 transiisset,
811 3597 853 3654 ut
864 3607 943 3654 non
954 3580 1074 3654 solum
1087 3603 1173 3678 pro-

207 3889 252 3967 (ι)
271 3889 365 3965 Epist.
381 3890 434 3962 18,
454 3908 527 3966 n..9.

208 3987 251 4067 (a)
272 3990 311 4046 N.
327 3988 373 4047 13.
