2820 4668
316 453 388 544 tet
481 475 528 526 rs
554 475 701 529 seorsus
726 477 771 524 er
796 475 921 528 censis
947 477 1162 530 noseorum

313 606 352 666 et
372 605 507 690 caput,
525 591 573 664 do
592 590 731 689 quibus
749 591 853 664 nulls
870 593 1171 690 querelantem,
1184 601 1330 696 aperire
1401 599 1402 648 ἒ

255 701 262 719 ’
313 735 590 810 supervacuum
606 725 662 782 est
673 710 808 782 visum.

315 893 321 902 .
367 828 421 901 13.
440 829 478 899 Si
496 827 602 926 quod
613 843 748 898 natura
761 842 1133 924 praemonstraverat,
1153 831 1221 902 hic
1238 837 1345 905 esset

311 947 462 1044 juvenis
488 961 663 1033 secutus,
687 959 728 1015 ut
752 945 1000 1042 sanguinem,
1028 949 1097 1044 qui
1123 971 1146 1020 e
1175 949 1328 1022 neribus

242 1049 245 1056 .
312 1064 432 1140 fluere
460 1063 648 1150 desierat,
676 1087 746 1161 per
775 1077 915 1134 sectam
943 1083 1078 1135 venam
1110 1075 1327 1164 opportune

310 1185 590 1262 detrahendum
610 1201 782 1273 curaret3
806 1199 872 1256 aut
905 1209 984 1256 non
1008 1187 1077 1274 ita,
1100 1204 1169 1259 aut
1190 1191 1327 1264 tsrdios

311 1319 413 1376 certe
426 1303 638 1375 interiisset.
649 1305 762 1374 Nunc
775 1322 914 1400 magno
927 1302 1165 1376 documento
1178 1307 1326 1380 medicis
1401 1307 1402 1322 ¹

311 1418 383 1492 tuit
394 1475 404 1508 ,
417 1420 510 1519 quid
526 1417 742 1492 faciendum
760 1421 826 1509 sit,
839 1419 907 1492 ehi
919 1420 1073 1519 aliquis,
1087 1445 1131 1494 ea
1146 1427 1324 1523 precipue

309 1551 441 1626 oetrte,
461 1557 584 1637 eoque
604 1539 777 1636 corporis
791 1536 948 1626 habitu,
966 1539 1156 1634 ejusmodi
1173 1564 1324 1615 evacua·

309 1657 415 1730 tione
426 1637 555 1730 carere
565 1659 711 1755 incipit,
723 1657 930 1755 presertim
944 1657 976 1728 si
987 1655 1088 1729 idem
1099 1660 1149 1731 sit
1161 1662 1320 1760 cuipiam

310 1773 501 1850 obnoxius
521 1775 680 1862 morbo,
693 1792 737 1847 ut
757 1775 820 1848 hic
840 1789 919 1847 erat
933 1772 1145 1849 difficultati
1167 1783 1322 1879 respira·

309 1896 434 1970 tionis.
471 1893 542 1966 Cui
568 1893 724 1992 quidem
754 1892 942 1966 obnoxios
974 1891 1086 1967 fuisse
1119 1895 1322 1996 plerosque
1401 1985 1402 2000 χ

310 2037 444 2086 omnes
465 2032 563 2110 quos
587 2008 657 2083 tibi
679 2013 770 2084 alias
795 2011 869 2110 (1)
894 2013 1027 2110 scripsi
1052 2033 1141 2084 cum
1171 2014 1322 2088 dilatato

310 2130 426 2204 corde
444 2145 604 2229 repente
617 2145 810 2218 mortuos,
827 2129 975 2202 relectis
994 2153 1130 2202 eorum
1155 2131 1320 2206 historiis

307 2249 489 2324 invenies.
513 2248 572 2318 Sic
597 2249 708 2318 etism
732 2249 773 2316 in
799 2245 1140 2344 hac‘Sepulchreti
1162 2252 1218 2318 xt
1250 2273 1322 2322 sec·

307 2366 411 2440 tione
435 2363 490 2460 (a)
505 2364 635 2436 videre
655 2365 822 2464 poteris,
846 2377 889 2434 ut
914 2365 1068 2462 surige,
1085 2366 1126 2436 in
1142 2389 1264 2438 curru
1280 2367 1321 2438 dr

309 2483 517 2578 improviso
531 2484 738 2568 extinctus,
750 2483 857 2578 cujus
873 2505 940 2552 cor
950 2497 1030 2554 eret
1037 2489 1173 2580 quovis
1187 2485 1319 2558 bubulo

308 2600 448 2695 enjus,
468 2621 564 2696 saepe
578 2623 620 2670 se
639 2599 805 2671 crederet
817 2599 1003 2692 stffloari
1012 2651 1022 2688 ,
1042 2601 1115 2672 nisi
1137 2623 1311 2701 appi-csse

306 2715 525 2805 thoracem,
543 2731 580 2788 et
593 2715 783 2790 abdomen
804 2739 921 2790 manu
935 2719 1232 2816 comprimeret,
1243 2741 1315 2790 non

109 2863 112 2877 ·
189 2918 193 2926 ⁴
309 2858 415 2910 secus
433 2859 476 2906 ac
495 2833 590 2906 alter
607 2835 708 2932 apud
721 2837 924 2906 Harreium
943 2834 1018 2933 (3),
1032 2836 1319 2910 cuicordismo·

307 2953 376 3039 les,
390 2951 726 3026 etventriculomm
743 2959 920 3026 cavitates
934 2955 1119 3052 sanguine
1133 2955 1314 3040 distenas,

307 3072 438 3143 bovini
448 3069 571 3144 cordis
589 3061 885 3167 magnitudinem
906 3069 1131 3168 aequabent,
1149 3073 1313 3149 levamen

308 3188 347 3260 in
364 3211 511 3260 summa
532 3187 657 3258 cordis
668 3202 706 3258 et
720 3187 885 3285 pectoris
899 3189 1146 3286 oppressione
1163 3188 1314 3289 aliquod

306 3304 562 3402 percipiebat,
580 3327 667 3376 cum
683 3319 763 3377 tote
779 3305 943 3403 pectoris
957 3305 1099 3403 regios
1110 3303 1311 3382 onesimo

307 3421 389 3493 viro
402 3422 738 3519 comprimeretur,
754 3425 1315 3522 etsicutpzstorpanemsabigit,

305 3537 545 3638 dcpseretur,
562 3537 678 3610 credo
696 3539 803 3638 quod
821 3539 874 3612 sic
885 3540 1035 3636 juvaret
1051 3552 1222 3640 uterque
1234 3565 1312 3616 ssu·

345 3831 389 3916 (ι)
410 3835 480 3896 Vid.
496 3817 601 3913 supra,
614 3837 653 3895 ad
665 3857 696 3894 n.
714 3857 760 3896 11.

344 3933 390 4014 (a)
402 3935 482 3996 '0hs.
497 3943 545 4005 ci.

344 4035 389 4116 (e)
410 4037 455 4096 oe
468 4037 570 4095 cimel.
586 4049 667 4116 serg.
679 4035 825 4096 emes.
