2808 4664
300 467 367 566 ¹96
458 489 504 537 DE
531 489 675 537 sumnus
700 489 745 535 ΕΤ
769 489 892 537 cavom
917 489 1126 540 MORBORUM

293 626 452 702 usquam
476 605 516 673 in
535 617 641 673 aorta
660 600 860 673 induratio.
884 602 957 676 sed
973 604 1105 675 vitium
1130 606 1236 702 quod
1256 609 1294 678 in
1394 681 1395 696 ¹

291 739 395 794 tanto
418 723 499 818 ejus
519 735 641 792 tractu
656 718 886 816 descriptum
904 736 975 810 est,
996 722 1036 791 in
1060 722 1208 819 aliquos
1228 723 1296 796 sal-

290 856 366 912 tem
384 865 429 911 ex
447 836 705 935 superioribus
726 837 842 933 ipsius
862 838 975 909 ramis
991 837 1293 936 producebatur,

275 954 611 1055 quemadmodum
636 954 675 1023 in
694 953 834 1024 horum
860 969 1058 1026 curvatura
1073 953 1217 1028 orificia
1234 957 1293 1027 in-

290 1073 533 1170 trospicienS‚
548 1069 803 1141 animadverti.

340 1194 385 1260 In
403 1203 532 1260 ventre
551 1211 649 1284 aqua
667 1184 756 1274 luit,
777 1211 900 1284 neque
923 1187 974 1258 ita
999 1211 1128 1284 pauca.
1156 1193 1294 1260 Omen·

288 1323 370 1379 tum
390 1319 645 1393 contractum,
663 1319 700 1376 et
716 1306 776 1376 vix
791 1303 938 1376 modica
960 1303 1022 1376 hie
1040 1305 1117 1376 illic
1135 1307 1293 1404 pingue·

289 1424 377 1496 dine
392 1423 552 1520 reliqua,
570 1421 690 1492 multo
707 1407 946 1493 lenissimum.
970 1422 1190 1520 Peramplus
1203 1449 1293 1494 ven·

288 1541 448 1613 triculus
465 1554 502 1612 et
515 1539 677 1610 humore
692 1539 853 1636 plenus(
867 1543 978 1610 Jecur
1005 1538 1169 1636 pallens,
1187 1543 1293 1638 cujus

287 1657 450 1729 vesicula
467 1679 623 1754 paucam
644 1670 682 1726 et
698 1654 913 1727 decolorem
930 1656 1147 1730 continebat
1162 1657 1290 1732 bilem.

287 1773 401 1873 Splen
420 1773 559 1862 durus,
579 1797 649 1844 nec
665 1796 825 1870 magnus
843 1787 980 1845 tamen.
996 1775 1102 1845 Uteri
1116 1801 1294 1873 quoque,

287 1905 417 1962 caetera
435 1891 536 1977 sani,
554 1889 725 1961 duriores
742 1889 922 1987 parietes,
939 1890 1004 1962 sed
1023 1906 1060 1962 et
1077 1893 1290 1966 crassiores

285 2011 388 2079 Dura
412 2009 523 2080 etiam
542 2008 687 2094 ovatio,
706 2022 743 2078 et
757 2006 840 2078 alba
860 2009 1042 2096 exterius,
1059 2033 1129 2080 nec
1149 2033 1288 2107 parva:
1394 2037 1395 2098 ς

286 2127 390 2198 intus
401 2125 543 2196 cellulae
560 2121 731 2212 fuerunt,
747 2123 824 2194 aliae
838 2125 984 2213 inanes,
1001 2149 1161 2222 quarum
1177 2129 1290 2198 unius

286 2258 393 2313 erant
416 2242 575 2338 parietes
599 2238 773 2327 subflavi‚
793 2241 872 2311 aliae
897 2239 1058 2312 humore
1084 2245 1287 2340 sanguino-

286 2351 391 2431 l'ento
408 2355 562 2428 refertae.
584 2361 683 2428 Bene
701 2381 739 2428 se
756 2356 973 2430 habuerunt
992 2359 1158 2457 reliqua·
1170 2365 1289 2459 Caput

286 2498 365 2544 non
387 2475 583 2545 secuimus.
610 2473 757 2545 Collum
782 2474 1067 2548 crassiusculum
1091 2473 1205 2548 fuisse
1229 2502 1288 2550 os-

286 2589 414 2678 tendi,
450 2605 607 2688 propter
634 2590 818 2688 glandula
845 2591 1048 2689 thyroideae
1076 2594 1287 2666 crassitudi-

284 2733 394 2795 nem,
413 2708 534 2778 multo
554 2732 665 2805 quam
683 2734 832 2806 aequum
855 2724 970 2797 esset,
987 2709 1179 2804 majorem.
1201 2713 1286 2784 Dis·

285 2840 406 2911 secta,
430 2826 552 2922 parvis
572 2827 678 2922 quasi
694 2825 833 2898 lobulis
850 2841 1043 2926 compacta
1062 2827 1285 2919 videbatur,

286 2967 384 3038 quos
395 2943 494 3014 inter
507 2941 684 3038 globulus
697 2942 874 3015 inventus
883 2959 939 3016 est
953 2942 1124 3016 humoris
1137 2945 1284 3041 plenus,

172 3067 174 3071 ’
284 3059 379 3130 nihil
396 3061 511 3156 magis
524 3083 635 3154 quam
655 3083 866 3155 expressum
881 3085 927 3132 ex
945 3060 1148 3158 amygdalis
1158 3063 1284 3134 oleum

283 3173 488 3247 referentis.
508 3175 666 3272 Sanguis
684 3177 723 3244 in
743 3174 817 3246 hoc
844 3176 1022 3250 cadavere
1039 3177 1179 3250 multus
1195 3176 1283 3268 fuit,

285 3305 322 3362 et
338 3289 499 3387 ubique,
515 3305 557 3362 ut
579 3289 843 3380 dixi‚.ssuidus,
858 3295 888 3366 si
915 3295 1064 3392 exiguas
1083 3291 1282 3367 illas'con-

285 3410 469 3480 cretiones
487 3408 525 3477 in
548 3407 661 3480 corde
682 3409 853 3507 excipias.

335 3524 366 3596 5.
386 3529 430 3594 Iu
449 3521 587 3596 semina
598 3525 796 3612 iracunda,
815 3525 1081 3599 accedentibus
1094 3529 1156 3598 irae
1177 3553 1282 3602 moes·
1392 3617 1393 3626 ἵ

233 3691 235 3695 v
283 3642 446 3737 titiaeque
461 3641 600 3726 causis,
620 3653 657 3710 et
669 3641 839 3739 appetitu
853 3625 1027 3747 ciborum
1045 3642 1212 3738 dejecto,
1224 3646 1280 3716 in·

284 3758 418 3854 telligis
435 3780 543 3866 sane,
558 3755 678 3851 qualis
688 3782 735 3827 ex
747 3758 932 3830 alimentis
946 3758 1093 3855 chylus‚
1104 3775 1141 3832 et
1152 3762 1285 3858 quales-

284 3899 329 3946 ex
345 3875 418 3946 hoc
437 3873 620 3950 humores*
634 3871 921 3950 conficerentur.
941 3880 1070 3976 Itaque
1090 3877 1121 3952 si
1139 3903 1226 3952 cum
1239 3879 1280 3952 li·
