2800 4674
303 384 369 458 128
463 403 509 451 DE
534 401 678 452 sumnus
702 402 746 448 ΕΤ
771 400 895 450 CAUSIS
919 401 1128 452 MORBORUM

296 522 420 617 aliqua
436 532 537 590 certe
553 542 598 589 ex
616 529 721 614 parte
740 515 978 612 spectabant,
996 532 1033 588 et
1049 516 1153 590 unde
1170 532 1302 592 tamen

297 637 391 724 huc,
409 639 438 708 si
458 634 601 718 malleS,
621 655 796 704 revocare
811 631 878 702 tibi
898 632 1059 704 liberum
1077 631 1183 708 foret.
1205 641 1304 708 Prae·

297 753 459 837 torbace,
473 751 699 848 praecipuam
710 771 859 820 causam
872 751 998 848 accipe
1014 750 1207 824 brevitatis
1219 778 1304 826 nos·

297 887 373 942 trac.
394 869 563 942 Valsalva
580 881 822 964 posteaquam
836 866 985 962 juvenis
1004 869 1043 938 in
1055 867 1219 966 phthisis
1238 896 1304 968 pe-

298 987 459 1060 riculum
482 985 600 1072 venit,
619 999 662 1054 ut
685 985 723 1053 in
745 985 825 1080 ejus
845 974 1107 1080 scriptumest
1130 989 1225 1078 vita,
1246 1013 1303 1059 ca·

300 1103 435 1175 davera
453 1079 661 1174 istiusmodi
684 1101 826 1172 morbis
846 1100 1133 1199 absumptorum
1154 1106 1301 1194 minus,

301 1222 456 1318 opinor,
474 1219 649 1317 quaesivit.
666 1222 743 1316 Ego
764 1242 868 1304 ver0,
886 1235 928 1290 ut
945 1244 1005 1290 me
1023 1219 1092 1292 tibi
1110 1222 1301 1319 aperiam,

301 1338 363 1410 illa
372 1334 449 1436 lugi
460 1337 505 1409 de
515 1336 697 1407 industria
707 1335 935 1425 adolescens,
946 1351 983 1408 et
997 1334 1165 1435 fugiovel
1178 1364 1302 1428 senex,

302 1467 391 1526 tunc
405 1471 448 1528 ut
463 1454 574 1542 mibi,
595 1477 699 1524 nunc
714 1468 756 1523 ut
773 1452 942 1525 studiosae
966 1479 1047 1552 quae
1069 1479 1129 1528 me
1149 1456 1304 1527 circum-

302 1587 373 1645 stat
383 1627 392 1660 ,
397 1572 585 1668 juventuti
599 1571 844 1668 prospiciam,
858 1573 1003 1644 cautius
1020 1569 1173 1645 fortasse
1189 1599 1304 1671 quam

303 1715 398 1788 opus
417 1692 479 1777 sit,
494 1703 530 1760 at
546 1690 663 1760 tutius
676 1690 738 1784 (1).
760 1693 891 1784 ltaque
904 1713 981 1758 non
998 1689 1115 1760 multa
1131 1689 1214 1778 ille,
1234 1715 1302 1788 ego

300 1809 360 1879 vix
378 1809 520 1904 aliquot
535 1806 704 1878 dissecui.
724 1807 896 1895 Quorum
911 1830 1013 1876 nunc
1031 1805 1164 1878 ordine
1188 1807 1303 1880 histo·

301 1928 374 1998 rias
401 1925 627 2012 describam,
657 1939 693 1995 et
722 1947 853 1995 eorum
875 1925 1039 2022 primum
1064 1949 1147 2020 quae
1170 1926 1302 1998 incidit

192 2087 199 2110 t
301 2044 480 2116 Valsalva.
527 2039 528 2044 ’

352 2165 384 2247 Δ.
396 2162 461 2229 Vir
475 2159 747 2256 quinquaginta
763 2181 883 2229 annos
898 2173 1008 2232 natus
1019 2214 1028 2247 ,
1040 2160 1178 2232 multos
1188 2163 1229 2231 in
1247 2163 1300 2234 iti·

302 2274 457 2346 neribus
476 2272 623 2344 labores
642 2296 789 2370 passus,
812 2272 967 2345 domum
989 2276 1140 2348 tandem
1161 2278 1300 2366 redux,

247 2381 251 2386 ’
301 2391 409 2462 valde
426 2390 656 2487 querebatur
665 2389 712 2461 de
725 2392 887 2486 pectoris
898 2391 1047 2481 dolore,
1065 2411 1101 2466 et
1118 2397 1225 2482 tussi,
1236 2419 1302 2493 per

302 2533 414 2605 quam
426 2530 581 2604 paucam
594 2507 750 2577 omnino
761 2508 966 2605 exspuebat
979 2511 1189 2582 materiam:
1205 2535 1301 2584 com-

301 2625 467 2708 modius,
482 2625 601 2723 capitc
616 2623 796 2711 demisso,
810 2624 978 2720 jacebat:
993 2642 1181 2714 ventrem,
1195 2646 1233 2702 et
1244 2655 1303 2729 pe·

301 2742 366 2813 des
383 2740 545 2813 babebat
561 2740 726 2814 tumidos
741 2769 748 2811 :
766 2743 926 2814 multum
944 2743 1108 2833 sitiebat,
1130 2771 1216 2817 cum
1236 2773 1302 2818 an-

299 2856 488 2932 helatione
504 2858 727 2957 respirabat:
744 2883 765 2928 a
782 2859 868 2930 cibo
879 2857 985 2930 valde
999 2861 1234 2958 gravabatur.
1247 2863 1302 2936 Ad

247 2956 258 3068 J
298 2975 377 3048 haec
394 2977 548 3048 accessit
567 2977 756 3073 sanguinis
774 2993 939 3073 sputum.
961 2978 1033 3048 Sed
1048 2978 1122 3051 hoc
1140 2982 1300 3078 quievit;

300 3095 707 3192 perstiteruntcaetera,
726 3093 797 3164 nisi
813 3093 917 3191 quod
933 3118 1011 3164 uno
1029 3093 1106 3168 fere
1122 3098 1301 3170 ante-obi·

298 3225 380 3281 tum
398 3220 556 3283 me'nsea
570 3209 703 3282 dolore
719 3212 1042 3309 pectorisvacavit.
1056 3217 1145 3286 Tres
1160 3229 1300 3306 tamen,

299 3343 508 3426 quatuorve
527 3310 680 3397 ultimos
694 3326 824 3399 diesin
842 3328 936 3400 latus
950 3329 1146 3402 dexterum
1164 3333 1301 3406 cubare

297 3468 378 3516 non
397 3459 553 3541 poterat.
579 3444 745 3514 Tandem
768 3446 912 3543 ingenti
933 3449 1123 3544 sanguinis
1147 3453 1258 3548 copia
1283 3473 1301 3522 e

233 3565 240 3580 ‘
298 3561 545 3660 pulmonibus
561 3576 800 3657 erumpente,
820 3560 1023 3635 suffocatus
1037 3579 1103 3636 est.
1121 3568 1301 3662 Ventrem

291 3963 295 3976 ·
338 3932 383 4014 (ι)
403 3933 473 3994 Vid.
490 3933 584 4010 Epist.
603 3939 655 4008 49,
670 3951 701 3988 n.
716 3933 762 3990 32.
