2850 4668
181 425 263 472 ma.
291 425 332 472 11.
360 421 925 490 oruorarsruoaacss‚ua1sr.
952 427 1026 474 xxr.
1077 403 1120 476 61

64 611 67 619 ,
95 535 322 628 inficiebat.
354 543 535 610 caeterum
563 563 641 609 nou
663 537 795 610 durius
814 553 892 610 erat
907 539 1037 634 jecur,
1058 541 1124 618 sed

95 655 229 754 paulo
254 671 401 728 tautum
422 655 591 728 albidius.
621 656 709 751 Ejus
727 655 889 728 vesicula
909 658 1006 744 intra
1031 683 1122 757 pau·

96 797 189 845 cam
212 759 354 862 bilem,
373 799 454 872 quae
465 779 590 845 tamen
606 772 809 868 subjectam
827 775 987 846 tinxerat
1003 792 1122 850 exter·

98 887 354 963 namfaciem
369 891 624 989 autripylori,
642 891 803 964 calculos
818 891 864 961 ad
877 893 1010 989 viginti
1031 919 1122 966 con·

97 1008 281 1098 timebat,
313 1009 383 1080 alia
400 1009 493 1080 alios
521 1007 799 1106 magnitudine,
831 1008 896 1082 sed
918 1009 1120 1110 plerosque

98 1149 271 1224 parvoS,
287 1151 406 1197 unum
424 1125 649 1214 maximum,
676 1127 763 1222 qui,
789 1140 831 1197 ut
856 1127 991 1214 caeteri,
1016 1127 1120 1202 intus

98 1257 298 1341 extraque
317 1241 524 1341 nigricabat
542 1267 622 1312 non
642 1265 748 1344 secus
762 1265 809 1331 ac
824 1241 855 1314 si
872 1242 985 1314 carbo
1003 1261 1118 1334 esset,

98 1383 229 1458 quern
251 1361 362 1432 etiam
377 1383 480 1447 rara,
499 1373 535 1432 et
554 1357 689 1430 friabili
705 1357 909 1431 substantia
922 1358 1116 1434 referebat.

99 1477 250 1549 Nullus
265 1475 596 1566 horum,lucernae
610 1475 802 1566 admotus,
822 1473 1011 1548 flammam
1031 1504 1118 1551 con-

17 1613 20 1622 ’
99 1595 229 1692 cepit,
244 1609 308 1666 aut
321 1594 497 1666 scintillas
507 1595 645 1683 emisit;
662 1593 763 1665 leves
776 1607 922 1664 tantum
934 1595 1117 1691 quosdam

100 1712 282 1810 crepitus
295 1711 485 1784 interdum
500 1711 661 1784 edidere.
680 1711 769 1782 Lien
783 1735 958 1810 magnus,
975 1714 1118 1788 etiamsi

100 1850 197 1900 cum
206 1827 376 1901 hominis
395 1843 534 1901 statura
551 1825 759 1915 conferres,
778 1827 881 1926 laxus
904 1844 941 1898 et
957 1832 1117 1908 exterius

100 1943 292 2016 albicans.
310 1945 551 2046 Ventriculus
567 1943 731 2039 denique
748 1956 825 2020 tota
846 1944 991 2016 sinistra
1010 1962 1115 2044 parte

99 2063 280 2146 exterius
297 2059 430 2134 habuit
447 2075 644 2156 utramque
662 2055 792 2130 {aciem
805 2059 949 2156 maguis
966 2062 1117 2158 quibus·

101 2178 225 2266 dam,
236 2193 277 2250 et
291 2179 397 2276 quasi
411 2179 566 2250 ramosis
578 2177 733 2249 maculis
742 2175 955 2267 distinctam
970 2205 1015 2252 ex
1032 2195 1113 2271 atro
1192 2209 1194 2216 ·

100 2294 246 2368 lividis.
268 2301 331 2368 -Hae
356 2297 512 2368 interius
545 2319 700 2393 quoque
727 2294 974 2392 apparebant,
997 2311 1034 2369 et
1063 2301 1112 2372 ad

104 2411 360 2514 oesophagum
382 2439 502 2512 usque
522 2411 849 2511 producebantur,
875 2414 1113 2513 guttulasque

105 2533 304 2630 sanguinis
317 2533 466 2624 'circum
491 2533 590 2603 inter
611 2531 757 2603 tunicas
782 2528 964 2604 haerentes
994 2531 1111 2614 habe-

106 2645 223 2738 bant3
242 2665 286 2722 ut
308 2649 367 2722 his
382 2649 560 2722 omnibus
583 2649 777 2746 inspeetis,
810 2645 857 2718 de
877 2647 1020 2744 adjecta
1044 2650 1110 2724 de-

107 2787 216 2845 mum
237 2765 435 2838 ventriculi
451 2765 743 2860 inflammatione
762 2785 840 2834 non
857 2762 1057 2838 dubitares.
1110 2839 1113 2844 ,

157 2883 217 2956 31.
239 2885 276 2956 Si
292 2883 339 2957 ad
352 2883 561 2986 haslongas
574 2883 665 2954 duas
685 2883 857 2954 historias
868 2880 1003 2980 {longas
1018 2909 1111 2981 quo-

108 3000 542 3095 queanimadversiones
568 2999 744 3072 adderem
764 3001 839 3070 sive
863 2999 910 3070 ad
932 3001 1108 3089 morbum
1153 3023 1159 3036 ·

36 3136 39 3144 ’
109 3115 238 3210 ejusve
258 3119 509 3208 curationem,
528 3119 605 3190 sive
623 3116 670 3190 ad
687 3115 921 3214 deprehensa
938 3141 1008 3214 per
1027 3141 1107 3190 sec-

108 3233 253 3309 tionem
283 3238 496 3326 attineutes3
524 3237 609 3334 quis
632 3229 914 3332 foret·,epistolae
944 3235 1107 3308 modus?

110 3355 315 3446 praesertim
347 3375 435 3427 cum
459 3355 569 3453 plura
600 3351 724 3424 adhuc
759 3365 916 3440 restent,
951 3338 1125 3426 minime

111 3470 327 3566 omittenda.
350 3472 444 3546 Satis
465 3487 538 3560 est,
570 3471 601 3542 si
620 3471 661 3540 in
673 3469 828 3540 illarum
847 3483 1005 3566 utraque
1027 3470 1105 3542 duo

111 3587 292 3679 attendas,
310 3590 469 3662 alterum
489 3588 538 3660 ad
556 3585 758 3678 morbum,
784 3585 942 3658 alterum
961 3586 1009 3658 ad
1027 3611 1107 3660 sec·

112 3701 252 3780 tionem
278 3721 458 3807 spectans.
483 3707 540 3780 Ad
560 3704 738 3790 morbum
763 3704 895 3806 attinet
912 3703 1038 3791 color,
1065 3707 1105 3778 in

113 3839 232 3898 crusta
245 3826 309 3898 illa
327 3826 539 3924 sanguinis,
556 3823 692 3910 ssavus:
712 3827 824 3920 quem
841 3819 934 3890 mihi
950 3821 1107 3894 memini

113 3939 345 4018 llbertinum
355 3941 510 4027 dixisse,
529 3939 717 4039 pejorem,
738 3953 775 4011 et
796 3933 1104 4035 periculosiorem
