2954 4670
217 464 285 511 mn.
313 463 353 510 11.
381 463 428 510 nn
453 459 590 507 aroneis
615 458 1075 524 rnonacrs,nr1sr.xxv11.
1106 435 1175 510 525

168 580 290 650 riores
317 601 439 677 usque
469 572 583 646 fibras
608 573 908 645 ventriculorum
930 575 1178 674 produceret,

170 695 349 767 nonnihil
369 697 446 791 jam
464 692 733 790 cartilagineas.
754 695 831 764 Nec
849 693 1093 793 ‘cartilaginea
1121 693 1181 764 in·

171 813 330 886 terstitia
344 811 501 884 deerant
519 811 619 881 inter
636 833 779 881 osseam
794 809 1048 884 substantiam.
1068 817 1179 883 Inve-

172 932 255 1002 nies
274 931 428 1002 relatam
441 927 638 1000 historiam
654 925 753 996 banc
764 926 812 998 ab
824 928 1022 1001 Archiatro
1035 931 1181 1029 amplis-

172 1050 269 1122 simo
287 1049 442 1120 Senacio
454 1045 502 1144 (1)
514 1073 522 1115 ε
534 1046 602 1141 qui
621 1041 668 1115 ab
698 1067 737 1116 se
759 1065 914 1142 quoqu'e
934 1034 1180 1146 conspectum

174 1171 214 1238 in
233 1166 307 1237 alio
326 1163 580 1238 ventriculum
599 1163 795 1234 sinistrum
814 1189 901 1234 curn
921 1166 1015 1262 ipsis
1036 1166 1180 1238 colum-

174 1285 233 1356 nis
251 1309 297 1356 ex
317 1306 422 1356 ossea
439 1279 647 1354 substantia
670 1277 783 1352 fuisse
811 1296 970 1354 testatur
994 1281 1082 1381 (a)
1104 1264 1181 1355 Nec

173 1423 264 1474 vero
278 1398 472 1498 fugiebant
487 1399 747 1476 doctissimum
760 1399 884 1468 virum
905 1423 1038 1472 eorum
1056 1401 1182 1473 obser·

175 1519 363 1604 vationes,
379 1517 447 1612 qui
463 1539 543 1584 non
563 1537 646 1585 ossa
663 1512 728 1584 sed
743 1513 885 1610 lapides
897 1514 944 1587 ab
958 1539 996 1588 se
1010 1519 1050 1587 in
1066 1517 1181 1592 corde

174 1637 274 1706 visos
291 1635 541 1730 scripserunt,
555 1631 632 1701 imo
643 1611 722 1701 non
732 1653 891 1728 parvum
904 1657 1034 1704 earum
1050 1660 1182 1707 nume-

177 1774 263 1822 rum
288 1749 489 1821 collectum
515 1745 620 1846 dedit
645 1747 720 1845 (3),
747 1771 827 1818 non
853 1750 1016 1822 reticens
1038 1766 1183 1842 tamen,

176 1889 271 1966 quas
282 1866 520 1965 potissimum
536 1865 709 1938 intereas
722 1889 898 1964 quoque,
913 1893 959 1940 ex
972 1891 1077 1941 ossea
1094 1867 1184 1941 sub·

178 1985 331 2072 stantia,
356 1984 528 2084 quamvis
550 2005 631 2053 non
649 1981 747 2055 bene
767 1981 944 2074 formata,
968 1983 1082 2060 factas
1103 2009 1184 2061 esse

179 2109 369 2190 censeret,
384 2091 455 2174 nec
470 2098 646 2174 dubitans
666 2101 734 2198 (Δ),
753 2103 857 2198 quod
873 2104 920 2175 ad
936 2119 1084 2177 caeteras
1101 2109 1185 2178 atti-

182 2233 269 2306 net,
284 2219 324 2288 in
339 2215 479 2315 quibus
499 2216 633 2290 melius
650 2218 712 2288 illa
729 2215 887 2290 formata
900 2235 974 2310 est,
993 2225 1086 2319 quin
1105 2247 1185 2294 car-

179 2361 259 2409 neae
275 2334 377 2406 fibrae
390 2331 661 2407 cordisfierent
673 2359 804 2425 osseae,
821 2353 907 2435 post
925 2340 1185 2415 membraneus
1244 2409 1247 2424 ‚

181 2469 309 2527 tamen
321 2469 435 2551 atque
451 2452 665 2544 tendineas‚
689 2469 753 2526 aut
767 2457 800 2527 si
819 2479 902 2552 quae
919 2473 1044 2555 partes
1061 2461 1187 2534 cordis

180 2571 264 2646 fieri
281 2573 427 2671 possint
442 2571 706 2672 cartilagineae,
723 2575 817 2672 quin
835 2574 896 2646 hic
912 2579 1050 2675 gradus
1067 2581 1132 2667 sit,
1145 2595 1189 2652 ut

179 2691 319 2764 deinde
335 2688 427 2762 fiant
442 2714 564 2763 osseae.
583 2696 726 2764 Verum
742 2707 785 2764 ut
802 2693 848 2764 ad
869 2698 1096 2794 Garengeoti
1120 2699 1187 2770 ob·

183 2809 432 2880 servationem
444 2821 631 2897 revertar,
650 2811 719 2880 etsi
738 2833 801 2898 os,
817 2809 865 2881 ab
882 2837 928 2882 eo
946 2812 1187 2912 descriptum,
1261 2898 1271 2919 ι
1373 2858 1379 2869 -

184 2941 327 3020 quanto
338 2940 417 2998 erat
434 2925 575 2996 nostris
586 2924 659 2998 illis
669 2925 809 3021 majus,
823 2939 928 2998 tanto
939 2931 1057 3027 magis
1070 2933 1190 3004 immi·

183 3063 302 3110 nuere
325 3040 457 3113 debuit
476 3041 602 3116 cordis
620 3044 738 3131 vires,
761 3057 803 3114 ut
820 3067 921 3140 quae,
949 3031 1189 3122 decrescente

184 3157 264 3253 ejus
279 3179 413 3227 carnea
425 3145 652 3249 substantia,
664 3158 902 3250 decrescunt,
917 3175 1191 3264 tantoquema-
1279 3260 1283 3269 Ι

184 3276 241 3372 gis
270 3272 422 3370 utrique
450 3275 575 3348 cordis
601 3278 724 3348 motui
743 3299 810 3348 sua
839 3277 1034 3352 inflexibili
1057 3281 1190 3360 obesse

182 3390 340 3479 duritia3
351 3405 477 3462 tamen
490 3393 530 3461 in
545 3392 702 3466 homine
712 3393 994 3493 deprehensum
1009 3416 1064 3473 est
1074 3426 1189 3500 quem
