2816 4668
142 477 215 524 nm.
242 475 282 522 11.
310 466 880 531 nauoumsruonacrs,ar1sr.
909 471 990 518 xxv.
1019 455 1087 549 417

74 591 118 664 id
135 589 275 690 possis,
289 609 410 684 ,quam
424 582 707 656 observationes
729 581 798 654 illae
823 610 906 681 qnae
922 587 1022 686 apud
1036 591 1091 687 ip·

75 733 164 782 sum
181 705 422 806 peculiariter
439 700 506 772 tibi
522 715 666 772 restant
676 701 969 775 considerandae.

133 831 192 914 alf.
216 823 331 914 Quod
357 823 388 894 si
414 818 511 892 forte
534 819 686 890 interim
715 822 872 916 quaeris,
899 849 944 895 ex
972 825 1097 898 cordis

77 945 255 1020 erosione
272 940 365 1038 quid
381 937 577 1026 Valsalvae,
594 935 810 1027 albertino,
828 955 892 1011 aut
915 943 1009 1028 mihi
1031 943 1098 1016 ad-

79 1080 215 1138 notare
234 1059 458 1157 contigerit,
475 1056 651 1154 epistolas
668 1071 776 1154 potes
786 1057 831 1128 ad
844 1071 880 1132 te
892 1066 1096 1134 measXVI.

80 1207 189 1256 num.
212 1206 266 1277 17·
280 1194 317 1250 et
331 1177 389 1266 43.
407 1191 444 1249 et
458 1178 591 1246 XXIV.
607 1200 710 1244 num.
737 1175 789 1246 18.
804 1177 983 1275 relegere.
997 1181 1100 1254 Nihil

82 1301 132 1374 de
142 1300 320 1398 pulsuum
338 1296 618 1366 intermissione
629 1295 808 1392 reperies
820 1295 915 1366 nihil
926 1297 973 1370 de
985 1300 1102 1368 animi

82 1413 385 1502 defectionibus,
403 1415 434 1484 si
453 1413 554 1486 leves
572 1412 756 1510 quasdam
774 1414 959 1510 excipias,
975 1414 1022 1486 ab
1039 1417 1101 1488 Al·

81 1535 235 1608 bertino
253 1530 546 1604 animadversas.
557 1536 610 1600 «At
622 1530 723 1602 leves
733 1583 743 1616 ,
752 1531 899 1626 inquis,
912 1533 983 1602 illae
996 1551 1103 1608 erant

83 1655 308 1739 erosiones,
327 1663 364 1720 et
384 1646 586 1746 superficie
601 1662 723 1718 tenus.
745 1651 894 1734 Fateor,
913 1650 979 1720 sed
997 1668 1105 1722 erant

83 1797 202 1859 verae,
220 1785 257 1844 et
268 1768 322 1841 ibi
338 1782 470 1856 erant,
487 1765 555 1836 ubi
573 1765 758 1859 majorem
772 1765 879 1836 cordi
892 1767 1103 1840 molestiam

85 1890 207 1962 creari
223 1885 400 1984 supra(1)
412 1883 621 1954 indicatum
632 1897 697 1954 est.
718 1885 975 1958 Verasautem
990 1883 1104 1961 tuisse

87 2008 166 2080 dixi
182 2061 193 2096 ,
208 2031 256 2078 ne
277 2003 373 2076 forte
392 2005 492 2074 inter
509 2025 571 2073 eas
585 1998 769 2089 referres»,
786 2002 982 2098 inquibus
1000 2003 1104 2075 vide·

86 2141 152 2198 tnr
180 2125 317 2196 extima
344 2119 471 2195 cordis
495 2115 607 2193 facies
628 2143 762 2206 erosa,
785 2144 857 2191 nec
879 2133 1006 2193 tamen
1031 2137 1103 2196 est:

91 2239 385 2340 cujusvidelicet
406 2236 503 2310 falsa·
519 2237 704 2310 erosionis
718 2238 932 2336 exemplum
948 2241 1106 2338 epistola

90 2360 328 2459 propositum
353 2360 448 2428 XXI.
473 2353 559 2454 (a),
583 2369 621 2428 et
646 2355 748 2427 unde
778 2380 822 2428 ea
853 2354 941 2446 fiat,
966 2375 1003 2432 et
1028 2384 1104 2458 qua

90 2477 238 2548 ratione
246 2475 699 2560 internoscatur,tametsi
710 2475 896 2570 pressius,
910 2489 1105 2551 ostensum

91 2608 159 2668 est.
186 2593 336 2666 Scilicet
352 2618 398 2666 ex
419 2590 623 2690 pericardii
642 2589 822 2681 humore,
841 2607 977 2692 praeter
994 2611 1106 2670 natu-

92 2736 175 2784 ram
186 2736 224 2784 se
239 2709 417 2796 habente,
431 2707 636 2807 aliquando
646 2713 912 2784 concretiones
929 2713 1102 2808 quandam

99 2828 207 2901 cordi
223 2827 435 2914 adherent,
453 2851 537 2924 quae
555 2849 619 2898 sua
636 2826 909 2923 inaequalitate,
923 2844 960 2899 et
977 2832 1106 2906 colore

93 2947 306 3020 erosionem
319 2945 567 3016 mentiuntur.
594 2947 733 3014 Earum
754 2969 833 3014 uon
847 2946 988 3043 ignaris
1014 2972 1105 3043 pro·

96 3065 190 3138 clive
212 3079 267 3136 est
291 3061 473 3136 fallaciam
496 3063 639 3150 vitare,
659 3062 703 3132 iis
725 3061 934 3150 detractis,
959 3077 996 3134 et
1016 3064 1106 3136 sub·

91 3181 197 3278 jectae
223 3181 348 3270 cordis
373 3178 600 3252 membranae
621 3180 834 3276 integritate
859 3177 1015 3252 detecta.
1040 3186 1108 3254 Ita-

97 3324 172 3396 que
193 3301 232 3370 in
256 3299 301 3370 iis
320 3297 529 3387 Borrichii,
548 3297 699 3394 Peyeri,
717 3312 753 3368 et
774 3298 920 3370 Graetzii
937 3323 1031 3396 quas
1050 3325 1108 3374 su·

95 3441 165 3515 pra
175 3415 232 3514 (3)
241 3415 502 3504 indicavimus,
513 3413 841 3520 observationibus
854 3416 934 3487 noli
950 3416 989 3488 id
1000 3413 1107 3494 facile

99 3535 313 3631 suspicari,
341 3559 429 3606 cum
457 3532 717 3608 membranam
749 3533 851 3608 illam
881 3551 1107 3632 quarentes,
