2816 4668
154 440 223 488 ms.
250 437 291 484 11.
318 435 366 482 DE
392 431 528 482 Mossls
553 430 754 496 mousom,
780 429 892 487 nuiss.
912 431 996 478 XXV.
1025 409 1094 508 399

90 555 139 628 de
154 552 317 654 paralysi
339 549 463 622 cordis
485 550 555 621 erit
575 549 685 620 etiam
706 546 827 644 olibi(
845 546 891 645 r)
907 545 1096 619 scribendi

90 675 209 746 locus.

147 796 201 878 14.
222 789 414 880 Quoniam
437 800 606 872 ceteras,
630 807 723 883 quas
755 782 896 872 habeo,
925 784 1099 860 observa·

90 910 238 994 tiones,
256 905 304 978 ad
320 903 475 976 morbos
488 903 599 976 etiam
625 901 672 974 de
696 900 834 998 quibus
854 899 917 971 hic
936 903 1101 1000 agimus,

88 1029 314 1116 attinentes,
339 1023 420 1094 aliis
440 1021 488 1092 ad
510 1037 547 1092 te
570 1019 666 1091 datis
683 1019 850 1118 epistolis
872 1019 946 1117 (a)
966 1021 1103 1117 partim

90 1143 297 1247 proposui,
317 1141 453 1239 partim
475 1161 557 1254 sum
585 1139 872 1237 propositurus;
898 1138 990 1210 duas
1012 1161 1105 1246 per-

90 1267 231 1338 breves
247 1259 444 1355 subjiciam
471 1255 663 1346 historias,
680 1279 792 1355 quas,
816 1280 904 1328 cum
928 1257 1107 1329 Bononia

90 1381 291 1479 degerem,
310 1379 439 1476 accepi
458 1375 505 1447 ab
523 1376 646 1448 doctis
671 1391 919 1474 spectataeque
940 1375 1031 1448 fidei
1050 1375 1107 1444 vi-

95 1501 164 1574 ris.
180 1502 320 1569 Earum
330 1495 430 1566 mihi
447 1493 552 1567 uenit
578 1496 619 1564 in
648 1510 815 1566 mentem
847 1495 947 1566 hanc
978 1493 1109 1592 Sepul-

89 1616 219 1690 chreti
233 1618 267 1684 II
284 1615 491 1690 sectionem
514 1613 696 1698 versanti,
718 1611 926 1708 pluresque
943 1612 1106 1709 legenti,

94 1735 253 1810 etinter,
267 1755 306 1804 se
328 1726 540 1802 conferenti
561 1727 864 1818 observationes,
883 1749 967 1826 quae
991 1730 1038 1800 ad
1054 1733 1110 1800 vi*

93 1853 152 1928 tie
167 1853 328 1924 attinent
345 1869 432 1920 cum
447 1845 758 1920 membranarum
772 1846 880 1917 cordi
892 1849 1112 1946 circumjec-

30 2027 37 2033 .
98 1983 248 2059 terum,
276 1983 357 2039 tum
383 1967 501 2064 ipsius
534 1967 740 2064 prasertiru
770 1965 904 2038 cordis.
938 1971 1032 2038 Sunt
1063 1991 1119 2038 ea·

100 2087 349 2174 membrano,
361 2100 404 2161 ut
417 2085 534 2173 nosti,
549 2082 832 2173 mediastinum,
844 2086 1111 2182 pericardium,

99 2222 138 2279 et
163 2204 293 2276 cordis
318 2202 540 2276 membrana
563 2205 728 2302 proprie.
752 2207 807 2272 De
826 2203 1109 2276 mediastiniin

100 2321 354 2398 flammaticus
372 2321 402 2393 si
419 2343 461 2392 ee
477 2320 578 2418 leges
595 2345 678 2418 ques
700 2320 753 2392 ibi
775 2320 846 2392 sub
867 2343 971 2392 num.
991 2323 1110 2394 XVIII

99 2440 390 2540 producuntur,
422 2453 499 2513 tres
527 2439 659 2510 credas
692 2461 771 2510 esse
807 2438 1109 2530 observationes,

98 2577 186 2630 cum
203 2557 287 2628 duae
303 2558 400 2646 sint,
420 2553 552 2628 eadem
568 2559 670 2627 enim
690 2559 848 2628 omnino
868 2572 924 2629 est
934 2583 1017 2655 quae
1034 2559 1107 2652 §n

98 2691 138 2750 et
168 2696 252 2773 quae
276 2675 339 2768 §3
366 2663 551 2746 contiuuo
577 2676 807 2772 proponitur
832 2701 840 2744 ε
866 2657 971 2772 qubd
996 2678 1108 2776 plane

97 2815 308 2892 cognosces
327 2792 394 2866 ubi
418 2815 497 2863 non
526 2806 603 2864 tam
632 2791 748 2863 verbe
775 2791 997 2884 attenderis,
1027 2821 1111 2894 quae

98 2912 230 2986 neseio
244 2933 319 3008 qua
334 2910 506 2999 licentia,
521 2923 586 2980 aut
602 2929 679 3006 quo
696 2931 786 2982 casu
798 2911 837 2980 in
848 2911 919 2982 alia
936 2913 1007 2984 alia
1022 2915 1111 3002 sint;

101 3051 218 3129 quam
236 3049 367 3100 earum
392 3027 555 3125 primam
572 3049 660 3098 cum
679 3049 723 3099 ea
742 3024 942 3102 conferens
960 3055 1043 3128 quae
1058 3032 1112 3104 le-⁴

102 3144 225 3244 genda
238 3143 430 3216 indicatur
452 3149 504 3214 tit.
526 3143 574 3215 de
592 3149 804 3242 Dyspnoea,
817 3145 856 3216 id
874 3161 929 3218 est
945 3147 1059 3246 hujus
1077 3153 1112 3222 II

102 3261 192 3338 libri
206 3277 297 3334 sect.
311 3266 348 3352 I,
364 3261 512 3335 observ.
530 3257 680 3350 CXXV,
699 3265 725 3355 S
749 3287 779 3353 1,
801 3261 1117 3342 animadverteris

103 3404 151 3452 ex
176 3379 312 3450 eodem
336 3379 582 3478 ejusdemque
610 3383 774 3454 auctoris
802 3382 887 3454 loco
913 3386 1012 3456 illam
1035 3389 1113 3488 pri·

102 3520 205 3568 mam
225 3497 367 3595 accipi,
383 3497 486 3569 unde
509 3497 819 3602 accepte-dicitur
838 3527 921 3601 quae
941 3503 1113 3576 eamdem

102 3615 288 3713 sequitur.¹
298 3619 377 3689 Nec
389 3637 479 3688 vero
489 3641 533 3688 ea
550 3639 631 3715 quae
642 3620 818 3716 protinus
829 3620 1113 3716 subjicitur‘glr,

144 3900 191 3978 (r)
211 3900 306 3975 Epist.
321 3901 373 3972 26,
386 3921 415 3958 n.
431 3901 481 3959 38.

144 4000 191 4078 (a)
212 4001 329 4072 XVIII,
345 4021 376 4057 n.
391 4019 422 4072 a,
441 4001 598 4068 erxxlv,
612 4017 642 4052 n.
659 3999 693 4056 13
710 4003 739 4054 et
752 4000 811 4064 II(
