2800 4674
294 413 358 460 112
457 407 504 454 ΒΕ
529 404 676 453 SEDIBUS
700 405 744 452 ΕΤ
770 401 894 452 cautls
919 401 1129 487 Monpotttttt

286 547 369 612 ‘non
392 533 504 618 puto,
526 531 773 618 symptomata
800 515 987 614 adscripta
1011 532 1155 606 essent,
1182 532 1220 590 et
1245 519 1306 588 in-

290 638 553 710 flammationis
571 635 693 722 sedes,
711 659 793 732 quae
807 629 960 707 fortasse
974 635 1227 734 pericardium
1249 651 1305 706 at·

288 755 477 858 tingebat,
501 751 662 824 dilucide
687 767 783 824 esset
807 750 980 822 indicata.
1009 756 1181 843 Quorum
1209 754 1302 825 alte·

291 898 377 943 rum
398 896 477 940 non
498 867 725 940 desiderabis
746 866 900 964 quidem
918 869 957 938 in
973 871 1131 942 Heurnii
1145 867 1215 940 filii
1232 869 1302 940 ob-

292 988 521 1073 servatione,
553 979 692 1090 pariter
715 983 1064 1084 inSepulehretum
1084 985 1137 1080 (1)
1157 987 1300 1077 relata,
1384 1077 1385 1080 Ἴ

292 1121 329 1178 at
354 1109 548 1204 signorum
570 1129 652 1200 quae
670 1101 826 1176 fuissent
854 1101 1157 1196 inflammationis
1181 1104 1300 1200 hujus

291 1223 493 1322 peculiaria
513 1222 731 1320 priusquam
749 1222 788 1290 in
803 1221 969 1314 vomicas
988 1220 1126 1310 abiret,
1145 1224 1225 1292 imo
1235 1223 1298 1306 vel

290 1353 496 1442 postquam¹
515 1338 678 1425 abierat,
702 1336 848 1406 nullum
872 1336 1090 1408 adnotatum
1112 1339 1297 1428 invenies.
1384 1337 1385 1422 t

291 1462 343 1528 Ut
359 1455 682 1536 inflammationis,
703 1468 739 1524 et
767 1451 962 1526 abscessus
987 1453 1221 1544 mediastini,
1243 1456 1297 1528 sic

293 1588 329 1644 et
349 1573 549 1671 pericardii
570 1585 759 1670 quotquot
783 1573 986 1642 memorari
1010 1569 1180 1668 exempla
1202 1570 1298 1642 vidi·

290 1713 396 1778 muS,
414 1714 456 1760 ea
482 1688 572 1774 tibi,
591 1704 634 1760 ut
652 1689 845 1788 perlegere
869 1687 977 1760 citius
1002 1689 1141 1786 possis,
1165 1689 1206 1758 in
1232 1691 1295 1760 Se·

289 1807 491 1906 pulchreto
516 1803 777 1876 indicabimus.
797 1807 964 1876 Primum
986 1807 1099 1904 igitur
1120 1804 1293 1878 eamdem

289 1926 391 1998 illam
422 1949 533 2025 quam
561 1923 649 1994 Salii
670 1948 750 1994 esse
776 1922 958 2012 diximus,
987 1921 1291 1997 observationem
1384 2001 1385 2006 ἵ

288 2043 484 2140 inspicies,
495 2057 537 2112 ut
549 2065 630 2136 quae
639 2037 970 2112 inflammatorium
983 2054 1171 2134 tumorem
1187 2039 1291 2132 exhi-

258 2217 261 2224 .
286 2159 372 2246 bet,
392 2161 430 2228 in
449 2173 553 2254 parte
572 2157 682 2227 etiam
701 2155 748 2228 ad
765 2155 1018 2255 pericardium
1042 2157 1290 2231 attinentem:

290 2289 522 2378 quapropter
545 2271 592 2342 de
614 2274 811 2370 utriusque
825 2261 1065 2370 ,membranae
1087 2272 1292 2345 inflamma·

288 2394 392 2463 tione
407 2390 524 2461 Salius
540 2389 635 2487 egit,
653 2403 753 2460 certe
769 2403 971 2486 antequam
988 2389 1201 2484 Rondeletii
1220 2391 1290 2462 ob-

289 2509 538 2610 servationem
551 2506 605 2604 (α)
623 2507 806 2606 inspicere
822 2509 1021 2605 potuisset3
1035 2509 1181 2606 ¹quippe
1195 2513 1291 2605 Lug·

260 2629 262 2632 ’
288 2625 383 2696 duni
399 2624 536 2696 editam
554 2623 687 2696 eodem
707 2649 808 2697 anno
825 2622 916 2696 1583
933 2651 1019 2722 quo,
1032 2623 1289 2722 Saliuspraefa-

286 2743 429 2814 tionem
456 2742 581 2844 idibus
601 2745 726 2814 martii
746 2727 938 2838 scribebat,
963 2745 1161 2830 Faventiae,
1186 2741 1286 2812 libro
1306 2815 1308 2823 s

287 2884 357 2932 suo
375 2841 650 2957 praefigendam.
663 2861 841 2956 Historias
854 2875 979 2932 autem
998 2886 1091 2958 quas
1112 2863 1286 2970 proximo

287 2977 420 3050 saeculo
441 2980 689 3076 conscriptas,
709 3004 753 3049 ex
775 2977 956 3067 Hildano,
973 2979 1140 3075 itemque
1157 3002 1205 3049 ex,
1221 2981 1285 3047 Za·
1384 2973 1385 2976 '

209 3131 212 3146 ·
287 3110 375 3168 cuto
397 3095 503 3166 citari
527 3094 690 3168 videris:
708 3094 834 3176 binas,
859 3120 906 3191 pe
932 3093 1028 3166 forte
1055 3092 1191 3186 fallaris
1205 3119 1284 3184 „ex
1328 3129 1332 3138 ·

250 3282 252 3287 .
286 3236 418 3283 eorum
449 3212 603 3310 singulis
622 3214 742 3310 ,citari
768 3215 872 3310 scito.
899 3213 1049 3284 Hildani
1074 3213 1174 3284 enim
1207 3212 1285 3310 pri·
1384 3209 1385 3248 ³

284 3351 385 3402 mam
396 3330 560 3427 reperies
577 3329 617 3399 in
634 3329 954 3428 Sepulchttoffl),
970 3329 1071 3402 haud
1084 3328 1219 3428 procul
1235 3327 1284 3400 ab
1384 3401 1385 3406 ,

286 3471 328 3518 ea
347 3446 579 3535 Rondeletii,
600 3471 682 3544 quae
696 3447 811 3519 modo
829 3463 1120 3540 commemorata
1138 3461 1214 3534 est;
1228 3447 1281 3518 al·
1384 3483 1385 3540 p

322 3729 366 3806 (ι)
388 3731 463 3786 Sect.
483 3735 518 3798 4,
536 3731 600 3788 obs.
619 3747 666 3801 ²7·

321 3826 364 3905 (a)
387 3830 463 3885 Sect.
478 3829 547 3900 8‚l.
561 3827 650 3903 hujus
664 3848 696 3902 a,
709 3830 774 3888 obs.
790 3821 821 3901 d,
837 3832 853 3900 ς
868 3847 912 3888 η.

251 3980 255 3989 ,
320 3927 364 4004 (3)
385 3929 457 3985 Obs.
471 3929 534 3986 ead.
550 3933 565 3999 S
581 3927 608 3986 5.
661 4015 664 4022 1
