2816 4668
182 445 250 494 arn.
279 447 318 495 11.
347 447 393 496 nu
419 443 556 496 nonus
580 442 780 511 ramicis,
806 445 918 498 misr.
938 449 1036 497 xxvr.
1065 424 1137 514 4²5

132 537 262 632 altero*
282 559 401 632 verbo
432 560 611 632 auxilium
646 561 834 657 implorat.
869 565 958 632 Mox
986 563 1139 660 loquela

132 680 283 768 amissa,
302 677 501 766 anhelans,
516 679 615 748 intra
632 677 733 748 horae
753 677 952 779 dimidium
973 680 1139 778 pallente

132 793 224 868 facie
241 799 411 868 moritur.
431 795 610 866 Thoracis
629 795 823 867 sinistrum
843 823 976 869 cavum
998 799 1139 869 inveni·

131 927 196 984 tur
212 915 391 1012 sangnine
408 915 566 984 omnino
582 912 755 1010 plenum,
773 917 880 1011 cujus
900 941 1036 1014 magna
1051 939 1139 1014 pars

133 1047 383 1104 concreverat.
405 1037 591 1130 Eruperat
602 1029 664 1102 hic
677 1057 722 1102 ex
737 1055 843 1102 erosa
856 1035 992 1104 arteria
1003 1055 1140 1132 magna

131 1148 199 1220 ubi
214 1150 439 1222 descensura
454 1149 502 1222 ad
517 1147 709 1220 vertebras
724 1173 762 1220 se
777 1149 943 1222 intlectit.
963 1150 1022 1222 lbi
1035 1151 1139 1223 enim

132 1267 171 1338 iu
198 1291 422 1364 aneurysma
451 1266 625 1356 dilatata,
653 1255 925 1364 respondentes
945 1262 1140 1340 vertebras

132 1373 394 1475 excavavera't,
416 1399 542 1482 etqua
567 1385 623 1456 hae
639 1399 819 1456 excavatae
845 1400 973 1474 erant,
996 1386 1051 1457 ibi
1071 1385 1137 1458 ab·

131 1518 282 1601 sumpta
297 1503 433 1574 arteria
449 1500 659 1571 videbatur.
1193 1485 1195 1488 ⁵

179 1625 213 1707 4.
239 1623 360 1710 Quam
386 1642 516 1688 cavere
538 1615 701 1688 debeant
728 1633 905 1688 conatum
931 1618 1139 1714 quemlibet

130 1737 158 1808 ii
178 1734 320 1834 quibus
345 1735 499 1806 dilatata
517 1735 653 1804 arteria
674 1747 762 1820 est,
797 1731 860 1803 hic
893 1735 1003 1816 etiam
1034 1725 1156 1806 casus

131 1853 307 1926 ostendit.
327 1855 512 1922 Conatum
530 1851 631 1922 enim
647 1863 780 1922 auctus
798 1851 1045 1946 consequitur
1057 1873 1141 1920 san-

131 1972 255 2070 guinis
267 1971 442 2068 impetur,
455 1993 532 2066 quo
545 1981 843 2056 extenuatae,aut
853 1993 898 2038 ex
907 1982 1139 2064 parteerosae

132 2092 354 2160 arteriarum
371 2087 508 2158 tunicae
521 2099 836 2183 perrumpuntur.
848 2083 962 2176 Quod
971 2086 1039 2156 etsi
1047 2084 1143 2156 mul·

131 2206 179 2277 tis
192 2206 345 2276 illorum
360 2229 429 2303 per
441 2228 479 2276 se
487 2202 638 2291 accidit,
654 2201 798 2286 velutei
813 2202 859 2274 de
876 2227 954 2300 quo
965 2205 1141 2301 protinus
1220 2239 1222 2244 v

132 2321 340 2394 scribemus
365 2323 514 2418 juveni3
539 2335 666 2392 tamen
691 2336 728 2392 et
742 2320 871 2392 multis
886 2344 965 2392 nou
979 2319 1115 2394 accidit
1130 2348 1139 2392 :

131 2438 347 2510 cavendum
362 2455 489 2510 autem
503 2453 559 2510 est
567 2435 745 2509 omnibus
755 2461 804 2510 ne
820 2437 1141 2536 sibiipsimortem

128 2558 339 2630 accelerent
351 2582 460 2655 ‚quae
477 2581 545 2654 per
562 2580 599 2628 se
614 2554 758 2628 tardius
774 2571 870 2628 esset
880 2571 1049 2629 ventura.

180 2673 212 2748 5.
245 2676 400 2746 Juvenis
425 2698 615 2746 annorum
644 2673 793 2744 circiter
820 2673 953 2770 viginti
979 2690 1138 2773 septem,

129 2792 292 2866 multum
305 2794 384 2889 jam
400 2809 549 2891 tempus
560 2809 708 2888 tumore
727 2789 894 2888 quodam
908 2791 1079 2888 pulsante
1098 2795 1140 2862 in

131 2913 298 3010 pectoris
326 2927 432 3010 parte
460 2910 614 2984 dextera
642 2912 742 2980 inter
758 2921 900 2980 costam
917 2909 1087 2996 tertiam,
1104 2925 1142 2982 et

132 3045 307 3128 quartam
333 3027 588 3127 affligebatur,
612 3025 754 3124 quoin
784 3038 955 3110 tumore,
980 3023 1072 3094 dum
1093 3023 1141 3096 ab

132 3174 212 3222 uno
226 3173 271 3236 se
280 3151 321 3218 in
335 3149 496 3220 alterum
508 3142 751 3218 convertebat
764 3141 859 3212 latus
870 3194 880 3230 ,
891 3139 1141 3220 fluctuantem

132 3267 463 3363 materiam,eique
475 3263 596 3336 motui
608 3257 931 3333 obsecundantem
944 3258 1138 3332 sentiebat.

131 3367 383 3456 Anhelatioile
414 3381 608 3474 interdum
645 3391 845 3475 correptus
877 3373 1029 3448 fuerat:
1059 3403 1141 3476 quae

133 3515 259 3572 tamen
276 3499 383 3572 brevi
398 3514 484 3597 post
497 3513 634 3573 sectam
648 3519 782 3568 venam
795 3495 1020 3568 remittebat.
1041 3500 1141 3567 Dum

130 3618 248 3690 sacris
265 3620 443 3706 interest,
464 3642 509 3688 ex
529 3614 736 3716 improviso
754 3612 876 3697 cadit,
894 3610 987 3686 facie
1003 3612 1141 3710 pallet,

130 3736 192 3806 vix
200 3734 381 3832 loquitur,
395 3737 469 3808 cito
489 3734 660 3804 moritur.
679 3736 725 3802 In
742 3729 897 3801 thorace
918 3754 1142 3824 aneurysma

133 3868 380 3951 conspectum
412 3867 468 3951 est
498 3874 691 3948 magnum.
721 3850 816 3919 Nam
849 3871 924 3944 qua
956 3847 1141 3922 carotides

132 3972 274 4044 arteriae
303 3984 526 4068 erumpunt,
551 3967 758 4065 incipiens,
784 3978 821 4038 et
845 3963 892 4036 ad
912 3978 1079 4044 sternam
1102 3991 1141 4039 se
