2816 4668
308 473 380 556 dno
467 485 514 536 nu
540 485 687 537 sumnus
712 489 758 536 nr
782 489 908 537 causis
934 478 1146 541 uonnouuit

305 604 421 674 duros
448 608 486 672 in
513 607 661 672 unirtro
692 602 816 674 cordis
845 604 1053 676 ventriculo
1080 607 1141 677 vel
1169 605 1228 678 ad
1258 615 1327 681 oui

302 719 616 816 magnitudinem,
635 719 729 790 utin
745 720 936 791 Cardinali
951 721 1139 796 Gambara
1148 724 1321 814 invenit,

302 840 451 924 reticet,
468 853 509 909 ut
528 838 661 936 sapius
679 837 793 926 solet,
806 837 1015 911 Columbus
1030 841 1105 937 (1):
1120 865 1196 913 nec
1214 844 1320 939 quod

304 954 351 1027 ad
387 954 553 1026 thoracis
595 954 840 1026 incommoda
876 959 1065 1048 attineat,
1102 959 1319 1055 quidquam

302 1073 444 1145 indicat
456 1071 638 1142 Hildanus
652 1070 708 1169 (ι)
725 1073 765 1141 in
781 1071 1040 1163 adolescente,
1059 1076 1125 1172 qui
1141 1081 1182 1144 in
1196 1077 1319 1148 cordis

304 1196 476 1262 acumine
512 1188 745 1261 tuberculum
783 1190 919 1261 habuit
952 1191 1095 1281 album,
1130 1193 1190 1264 ad
1215 1201 1318 1265 nucis

304 1306 491 1380 avellana
514 1306 809 1404 magnitudinem
831 1335 842 1377 .·
868 1333 995 1406 neque
1015 1323 1092 1396 ,ut
1114 1309 1163 1382 ad
1188 1312 1317 1410 Sepul-

302 1426 476 1498 chretum
510 1424 663 1496 redeam
697 1479 707 1512 ‚
745 1424 873 1513 aliud,
913 1423 1028 1523 quam
1060 1425 1315 1526 hydropem,

300 1543 471 1615 Rhodius
481 1542 539 1640 (3)
549 1544 589 1612 in
605 1543 688 1613 viro
704 1543 766 1639 cui
767 1539 971 1634 folliculus
983 1545 1104 1615 inerat
1120 1546 1161 1614 in
1177 1545 1314 1616 dextra

302 1661 426 1734 cordis
443 1661 639 1747 auricula,
661 1673 726 1730 aut
745 1683 868 1756 quam·
886 1661 1043 1732 maciem
1068 1661 1311 1736 Bartholinus

301 1780 356 1880 (4)
365 1781 404 1850 in
412 1779 530 1868 bove,
544 1779 604 1848 cui
619 1779 807 1848 abscessus
813 1784 924 1876 pomi
938 1778 1202 1875 magnitudine
1215 1782 1309 1852 intra

298 1899 396 1971 duos
416 1896 605 1969 folliculos
620 1917 746 1967 serum
769 1897 985 1982 continens,
1001 1895 1158 1968 dextero
1171 1902 1310 1971 ventri·
1398 1923 1399 1928 ¹

300 2017 387 2090 culo
398 2013 631 2099 adhaerebat,
650 2027 714 2084 aut
728 2037 842 2110 quam
859 2013 1035 2112 spirandi
1048 2013 1310 2110 difficultatem

298 2159 381 2206 cum
391 2134 506 2226 febre
529 2131 686 2203 Gentius
710 2129 787 2228 (5)
808 2117 1062 2229 in'quodam,
1086 2132 1150 2204 cui
1171 2134 1215 2204 in
1233 2133 1308 2204 basi

298 2251 423 2324 cordis
446 2254 706 2322 excrescentia
732 2263 840 2320 erant
855 2248 1057 2346 plurima,
1082 2249 1122 2318 in
1147 2247 1212 2321 his
1238 2273 1307 2320 uua

298 2393 366 2439 ovo
378 2368 686 2464 columbinopar,
701 2389 835 2438 omncs
846 2368 1001 2438 materia¹
1011 2365 1116 2436 molli
1126 2365 1303 2439 infracta.

298 2491 359 2558 Me
383 2509 496 2572 vcro,
517 2499 560 2554 ut
578 2484 671 2555 alios
696 2486 817 2556 sciens
845 2485 1036 2573 omittam,
1063 2507 1153 2555 cum
1183 2485 1305 2558 tuber·

296 2603 424 2676 culum
449 2599 592 2674 offendi
608 2602 648 2671 in
672 2601 787 2673 corde
815 2603 915 2674 senis
935 2603 1131 2690 innatum,
1166 2605 1305 2676 certio·

294 2748 376 2794 rem
394 2718 534 2793 factum
551 2743 630 2792 esse
650 2723 751 2791 nosti
761 2719 834 2818 (6),
862 2746 988 2818 neque
1007 2721 1305 2795 intermissiones

294 2839 496 2938 pulsuum,
508 2862 633 2935 neque
648 2835 878 2910 defectiones
890 2839 1022 2926 animi,
1037 2839 1304 2936 neque'cordis

294 2957 576 3057 palpitationes,
595 2980 719 3053 neque
737 2958 896 3028 omnino
912 2956 1123 3054 quidquam
1146 2980 1304 3054 praeces·

295 3077 384 3148 sisse
394 3074 496 3147 unde
509 3074 548 3144 id
559 3073 801 3146 tuberculum
816 3072 1057 3144 indicaretur.
1074 3074 1165 3162 Quo
1181 3079 1302 3147 minus

292 3194 421 3264 mirari
438 3207 613 3290 oportet,
632 3190 826 3289 siquando
845 3191 1050 3290 repentinae
1058 3205 1206 3265 mortes
1224 3195 1301 3266 illos

327 3657 359 3736 (ι
394 3653 674 3728 Cent.1,obs.51.

326 3757 356 3836 (3
391 3754 808 3830 L.3‚s.ar,obs.3‚518.

326 3859 370 3935 ti)
390 3861 425 3916 L.
443 3875 475 3926 a,
493 3875 517 3912 s.
534 3875 560 3926 7,
573 3855 624 3912 ob.
641 3872 707 3909 ιιι.

325 3957 367 4035 (5)
389 3957 468 4016 nu.
487 3975 510 4012 s.
530 3975 556 4024 1,
571 3953 766 4011 uacuum.
784 3953 849 4010 012⁵.
863 3970 890 4008 ι.
954 3934 973 3958 ‘·

306 4043 310 4051 ¹
327 4057 371 4135 (6)
391 4057 484 4132 Epist.
500 4073 553 4126 ar,
569 4073 599 4112 n.
617 4061 645 4122 t.
