2850 4668
288 413 333 492 56
458 437 503 486 na
528 435 675 485 surmus
699 435 744 482 nr
770 435 893 484 causis
920 433 1130 486 uonaoauu

285 555 486 654 phragma‚
509 549 615 648 quod
630 573 763 622 sanum
779 563 877 638 erat,
901 574 944 621 ea
960 565 1066 648 parte
1085 575 1164 621 non
1181 549 1296 622 attin-

286 685 399 770 geret.
418 667 681 740 Graveolentia
703 683 829 738 autern
852 693 898 738 ex
917 681 1046 756 utero,
1063 666 1298 764 adnexisque

287 789 468 884 utrinque
497 799 534 856 et
559 810 581 855 a
598 799 706 882 tergo
725 783 895 882 partibus
919 786 1079 856 maxime
1105 783 1298 856 existebat.

286 907 392 976 Circa
414 891 512 1002 ipsas
536 917 615 973 erat
633 925 731 999 aqua
754 902 922 989 modica,
940 927 1058 1000 eaque
1082 901 1296 974 subrubra:

287 1045 421 1093 omnes
433 1035 556 1092 autern
568 1016 730 1092 exterius
740 1019 904 1092 livebant
914 1045 935 1092 a
944 1044 1146 1118 praegressa
1154 1017 1297 1090 inflam-

288 1140 475 1227 matione,
492 1163 575 1236 quae
589 1140 629 1209 in
648 1139 722 1208 ima
740 1153 846 1236 parte
862 1138 955 1209 recti
970 1139 1155 1226 intestini,
1172 1151 1210 1210 et
1225 1161 1294 1235 pu·
1398 1147 1399 1174 ¹

288 1255 404 1328 dendi
413 1281 568 1354 quoque
582 1280 619 1328 se
629 1279 697 1328 suo
708 1255 849 1327 rubore
862 1255 987 1327 adhuc
996 1254 1200 1353 prodebat,
1212 1279 1293 1326 vas·

290 1375 381 1446 culis
395 1373 453 1446 vel
469 1375 633 1446 minimis
648 1375 754 1472 quasi
764 1372 812 1445 ab
830 1374 968 1470 injecta
983 1372 1194 1446 rubicunda
1209 1396 1296 1444 cera
1401 1445 1402 1450 ,

290 1493 516 1590 conspicuis,
539 1494 640 1582 Quas
657 1490 749 1562 dum
767 1515 899 1564 omues
918 1506 1043 1589 partes
1062 1491 1173 1562 simul
1193 1513 1295 1562 exse·

291 1627 435 1700 cerem,
448 1625 490 1681 nt
501 1610 666 1708 singulas
676 1609 900 1708 inspicerem
914 1609 1146 1708 diligentius,
1158 1609 1198 1680 in
1209 1631 1297 1680 ocu·

290 1727 347 1801 los
366 1729 610 1799 incurrerunt
620 1723 775 1816 femina,
793 1723 841 1798 ab
851 1728 938 1824 igne
948 1751 1062 1825 quem
1076 1725 1239 1798 multum
1253 1747 1296 1798 ac

291 1847 424 1944 saepius
453 1845 525 1918 sibi
547 1843 708 1918 subdere
729 1844 903 1942 hyberno
928 1861 1099 1944 tempore
1121 1869 1164 1916 ea
1188 1846 1294 1942 virgo

292 1979 552 2052 consueverat,
573 1962 773 2036 foedissime
797 1965 982 2062 variegata
1005 1991 1013 2032 :
1040 1961 1145 2060 quod
1175 1963 1228 2034 sic
1256 1963 1296 2032 in
1406 1981 1407 1988 ³

291 2083 450 2154 transitu
476 2080 637 2170 adnoto,
663 2083 752 2178 quia
777 2081 824 2154 de
841 2080 1094 2179 quorumdam
1114 2080 1297 2152 sententia
1408 2157 1409 2168 χ

291 2197 412 2268 videri
429 2213 576 2295 poterat
590 2198 640 2270 ob
652 2198 750 2271 hanc
763 2223 912 2272 causam
931 2198 1103 2272 debuisse
1117 2199 1297 2296 proximis

293 2314 529 2412 hyemalibus
539 2313 730 2388 mensibus
743 2319 892 2416 sanguis
901 2343 946 2390 ex
955 2332 1065 2389 utero
1073 2318 1207 2414 magis,
1217 2341 1295 2386 non

293 2433 435 2520 minus,
450 2432 690 2531 respondere.
706 2439 848 2525 Testes,
862 2433 1297 2507 virilibusmediocribus

294 2575 375 2621 non
398 2551 581 2638 minores,
598 2575 640 2622 ac
652 2551 802 2641 molles,
819 2554 919 2626 inter
930 2553 1227 2652 quamplurimas
1238 2579 1296 2624 ve·

295 2667 429 2740 siculas
446 2670 606 2765 majores
621 2672 882 2768 minoresque,
897 2671 1088 2758 humoris,
1102 2687 1143 2744 ut
1157 2673 1294 2757 solent,

294 2786 443 2882 plenas,
461 2800 496 2856 et
509 2785 809 2885 sanguiferorum
822 2789 1081 2878 vasculorum,
1092 2814 1175 2887 quae
1189 2790 1299 2860 innu-

295 2925 399 2974 mera
419 2904 459 2972 in
476 2901 535 2974 his
550 2903 705 2978 testibus
720 2905 832 2977 obvia
845 2921 971 2995 erant,
986 2907 1206 2979 ramusculis
1222 2907 1297 2978 ins·

293 3021 555 3112 tructissimas3
580 3022 718 3122 singuli
744 3024 852 3096 binas
880 3024 1032 3098 cellulas
1061 3023 1298 3113 habuerunt,

296 3161 457 3236 quarum
488 3141 604 3212 altera
643 3141 910 3240 corpusculum
950 3143 1102 3240 nigrum
1136 3139 1301 3239 perfecte

297 3255 672 3356 sphaericum‚grumi
681 3260 872 3358 sanguinis
882 3260 1054 3333 exsiccati
1067 3259 1300 3331 simillimum

300 3373 537 3462 continebat;
554 3376 670 3447 altera
685 3393 810 3451 autern
828 3375 943 3468 nihil,
964 3392 1140 3450 constans
1158 3377 1239 3473 ipsa
1256 3399 1303 3446 ex

299 3489 559 3562 membranula
575 3511 792 3594 corrugata,
812 3521 895 3594 quae
915 3523 959 3569 ex
973 3495 1060 3570 albo
1077 3511 1114 3568 et
1131 3491 1228 3566 ssavo
1247 3496 1304 3564 vi-

297 3607 485 3697 rescebat,
502 3625 656 3709 eratque
674 3614 714 3684 in
734 3603 851 3686 altero
871 3616 1001 3688 saltem
1012 3629 1110 3687 teste
1128 3615 1302 3712 proxima

299 3725 530 3824 superficiei,
544 3729 574 3801 si
587 3731 666 3800 non
676 3729 815 3820 hianti,
827 3757 872 3805 eo
884 3735 924 3803 in
940 3733 1046 3821 loco,
1062 3747 1099 3804 at
1109 3745 1302 3803 certenon

299 3844 378 3915 sine
393 3833 546 3918 indiciis
556 3871 766 3945 praegressae
779 3849 948 3922 laesionis.
969 3853 1105 3937 Utero,
1123 3863 1160 3921 et
1168 3847 1303 3945 vagina

298 3963 453 4057 apertis,
471 3964 510 4034 in
523 3963 593 4033 hac
609 3965 706 4036 circa
719 3966 820 4040 illius
831 3969 1002 4040 osculum
1018 3967 1096 4040 duo
1111 3979 1218 4039 erant
1234 3961 1303 4036 ad·
