2800 4674
305 444 369 519 172
465 444 512 490 DE
538 439 684 490 sautans
708 441 752 488 ET
778 439 902 488 clusis
926 439 1136 488 Moesorum

301 555 501 654 gauderem
512 582 522 642 ;
535 581 583 626 ne
600 569 726 625 tamen
741 579 782 626 ea
795 579 878 652 quae
893 555 1180 642 constitueram,
1195 576 1303 651 expe·

298 675 394 744 rirer
414 699 492 746 non
515 669 612 743 fecit.
641 675 727 742 Erat
747 673 837 742 anni
864 688 1013 774 tempus
1037 697 1115 767 quo
1146 685 1184 742 et
1208 673 1302 742 aeris

297 790 453 884 injurias
463 788 744 886 diligentissime
755 790 871 860 vitare
881 803 1092 886 oporteret,
1106 811 1176 858 nec
1188 813 1302 886 prop·

296 921 354 978 ter
380 908 550 1004 ineptum
576 904 757 1002 pabulum
782 930 802 976 a
831 905 1026 976 brutarum
1052 905 1300 976 animantium

295 1021 392 1093 lacte
406 1024 548 1120 sperari
567 1023 725 1093 multum
742 1038 876 1120 posset.
897 1027 1027 1119 Itaque
1043 1023 1212 1119 primum
1225 1045 1300 1092 om·
1391 1117 1392 1122 ἵ

296 1141 403 1210 nium
419 1141 458 1209 in
474 1139 664 1236 tepidum,
680 1163 750 1211 nec
771 1155 892 1212 tamen
910 1139 1073 1226 humile,
1086 1155 1298 1236 autangus·

295 1271 376 1327 tum
407 1255 624 1328 cubiculum
654 1256 846 1330 huminem
875 1257 1068 1328 includere
1093 1281 1131 1328 se
1156 1257 1296 1352 juben,

294 1371 444 1470 ibique,
464 1375 584 1446 missis
597 1375 696 1445 curis
716 1374 912 1460 omnibus4
930 1375 1071 1445 amicos
1084 1397 1126 1444 ac
1144 1371 1297 1444 familia·
1392 1455 1393 1458 Ἴ

294 1513 355 1560 res
367 1490 496 1561 audire
515 1493 645 1589 magis,
664 1517 774 1589 quam
796 1493 919 1589 ipsum
934 1491 1060 1588 loqui‚'
1073 1489 1189 1588 idque
1208 1489 1295 1562 sub·

296 1607 426 1695 missa,
452 1622 488 1679 et
503 1609 657 1681 minime
673 1609 858 1680 concitata
879 1631 983 1680 voce.
1009 1613 1103 1678 Tum
1122 1607 1167 1677 iis
1186 1630 1295 1704 praes-

295 1724 423 1822 criptis
439 1751 520 1822 quae
539 1726 656 1798 lenire
679 1728 871 1813 arteriam,
896 1751 966 1798 nec
982 1723 1222 1797 stomachum
1239 1723 1292 1792 lae·

294 1839 383 1912 dere
397 1856 521 1913 tamen
534 1858 704 1940 possent,
719 1859 755 1915 et
768 1842 842 1914 hoc
857 1843 903 1914 ad
914 1843 1018 1914 lactis
1031 1865 1139 1913 usum
1152 1856 1291 1938 parato,

292 1958 477 2032 muliebre
505 1962 562 2032 lac
585 1962 729 2059 impero
762 1961 926 2060 primum
951 1960 1106 2057 quidem
1140 1960 1292 2029 nonita

292 2077 474 2165 multum,
488 2079 657 2160 tentandi
672 2102 799 2166 causa,
815 2095 895 2150 tum
912 2077 1109 2174 deinceps,
1129 2100 1216 2148 cum
1232 2100 1292 2173 op-

291 2194 382 2264 time
410 2195 581 2279 cederet,
608 2211 793 2292 quantum
821 2196 942 2294 sagaci
968 2211 1005 2268 et
1028 2209 1171 2267 attento
1195 2218 1290 2291 aegro

291 2308 467 2380 selibram
500 2313 647 2384 circiter
680 2338 826 2410 aequare
859 2313 1078 2400 videretur,
1106 2313 1289 2383 matutino

289 2439 483 2524 tempore,
509 2430 741 2502 tantumdem
768 2433 981 2529 vespertino
1000 2455 1019 2502 e
1040 2431 1215 2502 mammis
1231 2453 1290 2500 su·

290 2543 455 2639 gendum
480 2545 583 2619 horis
600 2564 776 2646 quatuor,
797 2550 1047 2647 autquinque
1071 2563 1158 2618 ante
1175 2571 1290 2645 pran-

289 2658 414 2750 dium,
433 2687 664 2763 coenamque.
690 2669 860 2756 Quorum
886 2681 1090 2762 utrumque
1110 2679 1190 2738 erat
1214 2687 1290 2734 me·
1395 2677 1396 2680 ’

289 2776 435 2869 uiuere,
450 2783 514 2854 sed
530 2783 608 2856 haec
624 2786 760 2882 magis,
779 2789 858 2857 sine
874 2786 963 2860 vino
980 2799 1184 2879 utrumque
1204 2797 1241 2852 et
1259 2781 1290 2852 si

287 2919 369 2992 qnae
393 2899 463 2970 alia
483 2925 619 2972 nocere
638 2918 808 3000 possent;
831 2903 896 2976 sed
919 2927 998 2974 nou
1019 2902 1097 2982 sine
1120 2898 1225 2997 pulte
1242 2923 1286 2970 ex

285 3011 421 3088 bordei
436 3015 565 3107 farina,
577 3045 659 3117 quae
677 3017 814 3094 radicis
829 3020 957 3092 Chinae
974 3019 1129 3117 pulvere
1149 3015 1197 3088 ad
1215 3041 1286 3086 un·

286 3133 380 3204 ciam
413 3136 452 3204 in
481 3136 593 3208 libras
619 3137 802 3235 singulas,
832 3137 937 3208 nullo
962 3151 1085 3208 autem
1106 3133 1285 3206 saccharo

285 3249 430 3343 adjecto
443 3305 452 3339 ,
467 3254 569 3326 lento
580 3256 665 3352 igne
685 3251 807 3326 luerat
820 3256 927 3350 quasi
942 3255 981 3324 in
1000 3253 1140 3324 calcem
1156 3250 1286 3322 redac-

283 3379 338 3452 ta,
359 3383 452 3440 etex
467 3369 578 3458 lacte,
592 3396 725 3444 recens
740 3398 760 3442 e
779 3394 893 3442 vacca
907 3369 1085 3456 emulct0‚
1104 3394 1187 3467 quae
1201 3367 1286 3438 hor·

283 3482 355 3555 deo
390 3502 426 3558 et
459 3489 594 3586 paleis,
620 3514 699 3560 non
727 3486 810 3558 laba
835 3503 871 3560 et
898 3485 1017 3574 fcen0,
1050 3486 1283 3584 pascebatur.

281 3603 473 3675 Nutricem
493 3630 663 3703 quoque,
684 3631 811 3678 sanam
830 3606 869 3674 in
896 3605 1045 3703 primis,
1068 3620 1109 3676 ut
1139 3604 1285 3674 idoneis

280 3733 449 3791 uteretur
468 3721 673 3812 alimentis,
697 3740 733 3795 et
756 3723 916 3810 horum,
947 3721 1072 3818 quoad
1097 3721 1178 3816 ejus
1203 3719 1285 3790 fieri

280 3851 426 3932 posset,
447 3840 663 3912 varietatem
690 3837 854 3939 fugeret,
885 3839 1176 3925 admonueram3
1204 3861 1283 3933 quae

278 3975 338 4024 res
353 3955 545 4053 neglecta,
560 3984 636 4032 una
649 3960 808 4032 maxime
822 3958 971 4032 videtur
986 3954 1124 4044 facere,
1137 3969 1179 4027 ut
1189 3977 1281 4051 saepe
