2816 4668
308 409 381 498 ἡδέι
472 433 518 480 nr
544 431 690 482 srnrrcs
716 433 760 480 rr
785 431 909 482 causis
934 434 1146 492 nonnarum
1399 503 1400 508 Ἰ

308 549 390 622 sine
407 546 485 618 ullo
502 545 692 632 videlicet,
711 561 896 642 quantum
907 547 1078 644 judicare
1091 551 1195 623 oculi
1212 567 1318 649 potr·
1399 519 1400 594 i

309 680 414 755 rant,
433 663 573 742 ichoris
596 677 661 734 aut
679 664 783 759 puris
805 663 970 754 indicio,
997 668 1037 738 in
1061 669 1320 766 pericardiurn

311 797 469 882 repente
487 782 685 868 extitisset,
707 782 898 880 integrave
914 799 1036 856 essent
1055 809 1195 882 magna
1213 811 1318 872 vasa3

309 927 359 974 an
378 898 533 998 quando
546 899 643 968 circa
653 896 753 984 haec,
773 898 825 970 sic
844 899 945 970 enim
959 899 1021 970 ille
1036 901 1243 1000 pericardii
1259 928 1317 974 su·
1399 943 1400 960 κ

310 1019 497 1118 periorem
512 1030 658 1114 partem
670 1013 921 1112 intelligebat,
936 1040 979 1088 ea
990 1033 1224 1114 apparuerat
1237 1019 1316 1090 sub-

308 1136 460 1220 stantia,
475 1158 566 1203 num
583 1135 754 1228 ipsorum
773 1131 929 1230 aliquod
939 1157 1091 1206 erosum
1110 1150 1177 1206 aut
1189 1151 1314 1233 pertu-

309 1276 391 1327 sum
407 1263 513 1324 esset.
529 1249 572 1326 Id
593 1250 693 1327 enim
712 1248 881 1322 accidere
899 1265 1021 1348 potest
1033 1275 1111 1322 non
1126 1267 1247 1326 aortae
1262 1277 1314 1326 so-
1399 1249 1400 1260 ’

309 1369 389 1440 lum
408 1361 460 1439 de'
468 1391 542 1464 qua
558 1365 741 1444 hactenus
760 1365 874 1438 verba
893 1365 1068 1457 fecimus,
1089 1369 1158 1441 sed
1178 1385 1221 1442 et
1237 1370 1313 1470 pul·

308 1487 456 1558 monari
473 1510 576 1556 venae
594 1500 631 1556 et
650 1509 767 1572 cavae,
788 1501 831 1556 ut
848 1511 935 1556 mox
954 1485 1142 1574 dicemus,
1165 1503 1207 1559 et
1226 1503 1312 1560 arte·
1399 1497 1400 1584 i

307 1605 371 1676 riae
392 1628 547 1701 quoque
566 1602 804 1700 pulmonari,
823 1628 844 1674 a
861 1604 968 1699 cujus
985 1605 1312 1676 erosionememo-
1399 1599 1400 1668 ἕ

306 1736 365 1794 rat
379 1721 423 1792 cl.
440 1719 743 1818 Tabarranus(1)
759 1721 979 1818 sanguinem
1000 1721 1039 1793 in
1057 1724 1310 1820 pericardiun

307 1841 607 1936 irrumpentem,
634 1837 795 1910 subitam
815 1854 975 1910 mortem
1000 1841 1127 1910 Romae
1146 1842 1311 1914 attulisse

306 1961 340 2030 S.
358 1961 400 2027 R.
418 1961 457 2028 Ε.
476 1954 655 2027 cardinali
674 1958 990 2054 Boneompagno‚
1017 1981 1130 2052 quem
1155 1983 1230 2056 ego
1249 1965 1311 2030 Βο-

307 2073 431 2144 noniae
461 2073 550 2145 olim
574 2072 622 2144 de
649 2072 838 2169 plerisque
868 2098 999 2144 eorum
1028 2099 1112 2171 quae
1137 2075 1180 2144 in
1200 2076 1311 2148 modo

309 2190 496 2290 descripta
514 2189 775 2272 observatione
795 2188 934 2286 legisti,
952 2191 1061 2287 queri
1081 2189 1256 2276 solitum,
1271 2219 1311 2264 ex

307 2311 402 2380 meis
419 2305 729 2406 praeceptoribuS,
754 2306 854 2378 illius
882 2307 1036 2382 medicis
1047 2361 1063 2395 ,,
1082 2307 1307 2382 audiveram.

308 2425 426 2522 Igitur
443 2423 490 2495 ab
505 2425 644 2494 arteria·
659 2423 895 2520 pulmonari,
918 2449 966 2496 an
991 2449 1011 2495 a
1029 2426 1135 2497 venis
1153 2427 1246 2512 illis,
1266 2453 1308 2498 an

308 2542 449 2639 abipsa
463 2557 566 2612 aorta
587 2540 697 2636 (narn
717 2555 753 2614 et
770 2567 855 2614 eum
868 2543 935 2638 qui
954 2541 1001 2614 ab
1019 2542 1088 2614 hac
1106 2543 1309 2641 prndierat,

309 2659 530 2756 sanguinem
549 2656 659 2728 haud.
671 2659 912 2746 coccineum,
932 2657 998 2730 sed
1019 2661 1173 2758 nigrum
1192 2660 1308 2734 offen·

312 2777 437 2849 dimus
455 2774 509 2872 (a)
527 2773 561 2872 ),
584 2776 734 2872 sanguis
750 2776 898 2862 exierit,
925 2801 1004 2846 non
1023 2777 1150 2848 minus
1168 2780 1209 2850 in
1233 2779 1308 2852 des·

309 2896 427 2992 cripta
447 2893 707 2964 observatione
725 2893 763 2962 in
779 2893 905 2964 medio
914 2894 1187 2992 relinquimus,
1200 2922 1308 2995 quam

308 3017 348 3086 in
366 3012 436 3082 alia
451 3035 533 3110 quar
552 3009 650 3108 apud
667 3012 928 3082 Ramazzinum
948 3013 1084 3108 legitur
1101 3011 1178 3110 (3),
1196 3014 1245 3087 de
1262 3021 1311 3088 vi·

310 3155 352 3202 ro
370 3133 637 3224 sexagenario,
650 3133 887 3226 proepr'nguir
913 3129 1082 3216 habitus,
1112 3156 1159 3200 ex
1186 3133 1307 3227 cujus,

309 3249 433 3318 subita
452 3261 570 3317 morte
584 3246 756 3329 extincti,
767 3243 1080 3342 pericardt'ofere
1093 3245 1185 3317 duoe
1208 3248 1309 3320 librae

275 3369 471 3498 [concreti
485 3367 676 3459 sanguinis
694 3376 874 3434 entractce
893 3377 993 3448 runt,
1013 3367 1138 3440 autin
1161 3366 1227 3436 illa
1250 3367 1306 3442 dee

344 3737 389 3814 (ι)
408 3737 481 3794 Obs.
496 3744 575 3792 anat.
586 3754 622 3790 n.
640 3733 667 3791 8.

340 3851 384 3930 (n.)
406 3854 518 3927 Supra,
536 3869 566 3906 n.
583 3867 631 3906 ar.
730 3919 733 3934 Ι

341 3967 385 4044 (3)
395 3970 506 4027 ,const
520 3965 598 4043 epid.
611 3965 679 4026 urb.
694 3983 742 4024 an.
758 3962 844 4040 1691.
