2808 4664
113 450 195 496 us.
231 444 271 494 11.
300 444 347 492 os
373 443 992 508 nonmsrnonte1s,rr1sr.xxr11.
1025 427 1092 524 189

56 578 149 634 acta
182 573 257 634 est.
283 563 339 630 Ex
365 558 439 630 iilis
464 559 566 628 enim
595 558 925 632 observationibus
948 587 1029 660 quae
1048 568 1093 636 in

55 698 189 751 unam
202 681 260 750 III
274 691 555 776 congeruntur,
566 677 596 748 si
610 676 703 748 duas
716 676 810 764 illas,
827 703 988 775 quarum
1002 678 1107 756 alte-2,

56 824 102 870 ra
119 799 259 870 civem
280 795 483 895 quemdam
500 795 889 893 quinquagenarium,
906 798 1021 870 altera
1036 803 1092 870 vi-

56 937 153 987 rum
174 915 353 988 nobilem
366 915 565 1012 proponit,
588 937 675 984 cum
693 913 982 1012 illiscompares
997 941 1091 1014 quas

57 1061 185 1134 supra
197 1039 368 1106 Bonetus
381 1033 453 1106 sub
463 1055 566 1102 num.
577 1035 664 1102 XXI
675 1034 700 1125 S
710 1030 743 1121 5,
752 1047 789 1104 et
800 1033 870 1106 sub
878 1057 980 1104 num.
993 1040 1089 1127 XIV,

33 1184 36 1190 ·
55 1156 265 1252 initioque
278 1153 416 1249 *adjecti
435 1151 525 1223 huic
544 1150 698 1239 scholii,
716 1153 792 1224 suis
813 1152 985 1226 indicetis
1002 1139 1089 1226 auess

57 1271 243 1362 toribus,
259 1271 485 1370 protulerat,
500 1268 649 1340 easdem
675 1271 799 1340 statim
824 1293 903 1344 esse
928 1295 1089 1372 eognos·
1120 1335 1123 1378 5

58 1417 146 1481 ces,
173 1391 283 1463 hano
310 1389 468 1478 Riverii,
494 1389 597 1460 illam
630 1387 791 1460 Hildani.
825 1391 957 1486 Neque
987 1395 1088 1464 enim

58 1507 326 1599 Blancardtis,
345 1508 412 1604 qui
440 1507 480 1576 in
501 1511 797 1580 Anatomiasue
815 1515 987 1606 practica
1004 1525 1087 1582 tan-

59 1652 186 1726 quam
212 1651 316 1715 suaS,
335 1637 400 1697 ant
418 1643 466 1696 ex
488 1623 652 1695 aliorum
671 1625 795 1695 relatu
815 1625 870 1722 (1)
890 1625 1020 1700 ambas
1030 1629 1085 1726 (α)

59 1743 234 1818 dederat
257 1761 401 1816 novum
429 1744 469 1812 in
496 1742 652 1812 modum
678 1759 924 1839 personatas,
943 1746 1090 1820 omissis

60 1863 327 1961 quibusdam,
344 1863 422 1931 imo
443 1859 559 1929 etiem
583 1857 719 1930 additis
741 1861 937 1931 nonnullis
953 1883 1036 1958 quae
1049 1864 1090 1934 in

58 1982 259 2054 cadavere
270 1977 452 2050 Hildanus
464 2000 542 2046 non
559 1989 854 2066 memoraverat,
872 1974 1001 2048 fucum
1020 1979 1090 2052 tibi

57 2099 219 2198 poterit
250 2096 394 2186 faeere,
414 2107 521 2168 tanto
542 2096 667 2166 minus
693 2094 902 2185 credituro,
922 2095 1010 2194 quia
1027 2099 1088 2171 vel

57 2221 101 2289 in
124 2241 175 2289 ea
190 2213 459 2287 observatione
477 2239 560 2310 quae
576 2213 657 2284 illas
678 2214 716 2283 in
734 2214 984 2312 Sepulchreto
1002 2234 1089 2314 pro-

56 2337 171 2407 xime
200 2333 396 2432 precedit,
412 2327 669 2429 Ruy'sehium,
695 2345 893 2430 tanquam,
914 2333 1087 2410 sedisse

62 2467 204 2543 cante,
219 2465 462 2550 proesentem,
483 2451 673 2539 nominat,
692 2453 763 2548 ‘qui
783 2475 823 2526 se
847 2448 941 2524 iliud
959 2454 1085 2551 ipsum

60 2568 234 2672 cadaver
253 2571 485 2657 disseruisse,
499 2584 648 2667 postea,
670 2569 775 2666 quod
798 2572 954 2645 minime
972 2571 1082 2670 igno*

64 2715 147 2781 ras,
162 2677 339 2763 ‘ostendit
362 2685 435 2786 (3).
459 2687 533 2760 Sed
553 2703 597 2760 ut
618 2685 870 2762 Blancardum
894 2707 982 2766 euin
1008 2689 1083 2761 suis

66 2809 148 2882 istis
169 2803 317 2880 artibus
329 2805 486 2878 missum
499 2804 694 2894 faciamus,
713 2805 806 2904 quid
822 2806 1005 2879 attinebat
1018 2806 1084 2878 de·

67 2928 189 3024 nique
214 2924 543 2998 observationibus
564 2949 610 2994 ex
630 2926 710 3020 ejus
735 2925 833 2996 libro
863 2923 1084 3020 descriptis,

67 3065 153 3141 'quae
175 3031 710 3140 saltem,‘qualeseaect1mque
731 3044 828 3130 sint,
854 3042 901 3114 ad
924 3042 1083 3138 palpita-

68 3161 219 3234 tionem
240 3173 426 3259 speetant‚
445 3160 749 3233 observationem
767 3159 868 3230 iilam
885 3157 1083 3254 subjicere,
1202 3221 1204 3228 .

71 3297 154 3376 quae
168 3303 259 3352 cum
271 3279 458 3378 asphyxiae
473 3295 619 3350 tantum
634 3280 695 3366 stt,
708 3298 793 3349 ¹non
812 3276 859 3348 ad
877 3278 1000 3367 istam,
1017 3277 1083 3350 sed

73 3397 119 3467 ad
132 3399 345 3496 proximam
364 3397 571 3468 sectionem
586 3397 745 3468 omnino
760 3394 974 3494 pertinebat
988 3396 1004 3466 9
1017 3397 1083 3467 Ni·

71 3503 126 3584 htt
141 3509 332 3611 ejusmodi
344 3510 438 3588 mihi
452 3515 576 3612 placet
591 3515 739 3584 imitari.
760 3513 942 3584 Historias
960 3511 1082 3583 nullas

115 3810 159 3891 (ι)
179 3815 251 3874 Vid.
266 3815 329 3889 ejus
343 3813 459 3889 praefat.

116 3913 158 3992 (α)
181 3917 254 3974 Obs.
268 3916 306 3973 35
324 3925 352 3972 et
366 3913 414 3986 75.

119 4011 161 4091 (3)
181 4011 348 4074 Obs'enat.
365 4013 441 4072 chit.
455 4011 505 4086 69.
550 4011 567 4064 ”,
