2824 4668
297 455 367 525 320
461 471 681 526 nsssmsos
706 475 750 522 rr
776 473 900 524 csusls
925 475 1140 526 uonaoaun

298 608 381 664 tero
399 589 524 666 cordis
541 588 753 660 ventriculo
769 611 953 678 carnosae,
973 589 1126 680 alhidae,
1141 589 1310 666 flaccida

297 733 422 782 cavam
448 731 583 780 venam
608 705 827 793 subcuntes,
841 707 1167 806 propagabantur
1190 735 1310 809 usque

296 827 352 898 ad
362 840 478 924 capnt
491 839 529 895 et
539 849 581 896 os
597 847 754 894 socrum.
774 828 846 895 Per
867 823 1028 896 alterum
1051 839 1178 898 autem
1208 829 1309 924 ejus·

297 943 383 1014 dem
404 939 605 1014 ventriculi
624 936 809 1012 orificium
829 941 1086 1014 Guarinonius
1108 942 1189 1040 (ι)
1211 967 1309 1044 saepe

295 1060 389 1131 vidit
406 1059 579 1156 pituitam
595 1081 773 1144 crassam,
792 1058 844 1130 sic
860 1057 962 1130 enim
975 1057 1057 1132 illas
1070 1058 1237 1134 vocabat
1250 1117 1261 1152 ,
1272 1065 1309 1134 in

296 1178 561 1276 pulmonarem
578 1175 753 1246 arteriam
770 1176 820 1249 ita
833 1199 871 1250 se
889 1174 1119 1274 producere,
1135 1193 1180 1251 ut
1198 1179 1309 1251 initio

295 1308 436 1381 tracto,
463 1291 574 1364 simul
596 1292 775 1364 educeret
797 1318 843 1364 ex
867 1294 1014 1366 cunctis
1030 1295 1177 1366 arteriae
1194 1299 1309 1370 ramis

297 1435 451 1483 omnem
471 1435 552 1482 eam
571 1399 745 1507 pituitam
770 1407 911 1482 abillis
931 1413 1152 1502 infhrmom
1177 1438 1310 1485 eorum

183 1523 188 1531 ’
295 1529 506 1617 redactam,
523 1543 566 1598 ut
575 1529 692 1602 arbor
699 1526 898 1600 videretur.
909 1527 982 1600 Sed
995 1528 1188 1624 ejusmodi
1200 1535 1308 1630 quasi

294 1646 439 1750 arboris
463 1645 758 1718 delineationem
783 1645 930 1743 primus
956 1647 1153 1736 omnium,
1189 1675 1309 1747 quan-

292 1777 374 1836 tum
390 1763 582 1838 recordari
596 1787 699 1836 nunc
713 1786 886 1862 possum,
899 1763 1017 1838 edidit
1028 1779 1159 1862 postea
1170 1771 1308 1868 Caspa-

291 1881 561 1954 rusBauhinus
578 1879 646 1976 (a),
667 1879 857 1978 simulque
877 1879 1006 1979 polypi
1033 1897 1114 1954 tum
1140 1883 1307 1976 dexteri,

290 2013 374 2072 tum
394 1999 533 2070 sinistri
564 1997 689 2070 cordis
709 1999 910 2070 ventriculi
931 1999 985 2095 (3)
1004 2023 1091 2070 cum
1108 2001 1306 2102 polyposis

292 2117 430 2214 quaein
447 2116 861 2213 ventriculiutriusque
886 2116 1134 2191 substantiam
1155 2120 1305 2195 inserta

291 2232 459 2321 fuerant,
478 2233 689 2322 radicibus,
707 2248 744 2304 et
761 2234 902 2306 sinistri
922 2235 1052 2333 polypi
1068 2239 1107 2306 in
1123 2241 1303 2312 arteriam

291 2344 488 2447 magnam,
520 2348 745 2440 subclavias,
772 2351 977 2442 carotides,
1006 2369 1044 2424 et
1068 2355 1304 2430 vertebrales

290 2470 572 2568 propagatione.
595 2471 685 2559 Quae
703 2471 830 2542 omnia
851 2471 919 2542 etsi
935 2471 1100 2544 materiae
1124 2472 1301 2572 odt‘posoe

280 2575 461 2673 nomine,
481 2587 629 2684 qualem
651 2589 690 2658 in
716 2585 936 2686 hydropicis
955 2602 992 2660 et
1011 2587 1214 2686 phthisicis
1242 2617 1302 2666 sae·

229 2792 230 2797 ¹
289 2704 375 2802 pius
385 2703 659 2794 observaverat,
672 2704 980 2802 comprehendit;
999 2709 1182 2778 tamenin
1195 2710 1300 2807 puel-

287 2822 323 2894 la
343 2822 505 2920 quadam
522 2823 576 2920 (A)
595 2837 729 2921 praeter
746 2824 939 2894 materiam
948 2823 1179 2924 pinguedini
1198 2834 1300 2898 scini-

290 2939 361 3012 Zem
381 2943 419 3012 in
447 2942 658 3012 ventriculo
685 2939 863 3028 dextero,
889 2943 928 3012 in
954 2967 1100 3032 annexa
1120 2946 1297 3018 auricula

287 3059 716 3156 praetnmidamateriam
733 3058 935 3155 quamdam
953 3060 1093 3148 albam,
1111 3063 1299 3134 membru·

286 3199 433 3264 noram,
461 3199 642 3264 crassam,
670 3174 911 3273 oblongama
933 3201 971 3248 se
993 3180 1108 3250 visam
1127 3204 1296 3252 comme-

286 3296 456 3365 moravit.
474 3297 552 3366 Nec
572 3318 661 3366 vero
679 3295 778 3364 circa
794 3318 837 3364 ea
850 3309 1040 3393 tempora,
1059 3311 1096 3370 et
1115 3295 1298 3398 deinceps

339 3684 367 3762 ι)
388 3685 544 3760 Sepulchr.
561 3687 580 3740 l.
598 3703 631 3756 a,
647 3704 669 3741 s.
687 3704 719 3756 1,
735 3687 799 3744 obs.
816 3662 852 3751 rt.
865 3696 894 3742 et
907 3687 927 3742 1.
941 3692 975 3756 4,
991 3705 1015 3743 s.
1031 3705 1063 3758 1,
1079 3685 1146 3742 obs.
1162 3693 1210 3756 rt.

336 3801 364 3878 a)
386 3801 458 3858 Tab.
474 3821 508 3876 9,
524 3798 573 3878 fig.
590 3801 652 3856 ain
664 3802 794 3876 append.
808 3803 847 3860 ad
859 3803 921 3860 tab.
936 3803 1047 3860 theatri
1058 3813 1138 3862 anat.

335 3916 364 3993 3)
386 3915 464 3972 Ihid.
483 3914 535 3991 fig.
556 3935 581 3972 1.

317 4028 362 4105 (4)
384 4027 540 4104 Sepulchr.
558 4031 578 4086 l.
595 4047 629 4100 a,
644 4047 668 4084 s.
680 4029 717 4102 8,
733 4030 797 4088 ohs.
817 4037 851 4100 rt,
861 4073 870 4104 ,
887 4036 945 4103 sa.

322 3683 334 3760 l

235 3867 240 3874 ,
320 3799 333 3878 (

321 3914 332 3989 (
