2824 4668
152 474 219 520 ma.
248 473 289 520 11.
317 473 365 520 ne
390 470 527 519 uonms
552 449 749 536 rnoaacts,
771 471 883 520 rrtsr.
910 475 1006 522 xxiv.
1036 453 1102 552 287

107 585 346 660 Vie'ussenius
366 586 509 672 secuit,
528 583 601 654 hoc
614 583 751 654 morbo
763 583 1108 687 laborantibuspul·

107 729 191 776 sum
208 701 319 776 fuisse
337 699 522 785 debilem,
541 723 720 795 parvum,
734 697 987 796 frequentem,
1004 699 1107 776 deniss

106 846 182 918 que
194 874 204 908 ,
218 835 260 892 ut
278 821 318 890 in
331 817 497 890 dissectis
519 816 574 912 (r)
593 815 640 884 ab
660 815 1008 908 Diemerbroeckio,
1026 821 1108 892 lan-

107 931 539 1038 guidum,probantibus
553 934 620 1030 qui
633 931 680 1002 ab
692 957 734 1004 ea
749 935 995 1030 circumjecta
1003 961 1106 1035 aquae

105 1055 216 1152 copia
234 1051 348 1126 fibras
367 1050 492 1124 cordis
506 1049 646 1136 laxari,
667 1073 746 1120 nou
765 1049 940 1123 dubitant
959 1079 1106 1152 :neque

104 1169 203 1246 illud
238 1167 387 1242 obstate
422 1165 680 1252 arbitraberis,
709 1166 812 1263 quod
845 1167 945 1238 idem
974 1185 1108 1242 auctor

104 1286 257 1386 pulsum
278 1299 371 1358 tune
391 1282 502 1356 simul
520 1283 701 1353 rariorem
720 1283 926 1374 invenerit,
948 1309 1033 1358 cum
1060 1286 1106 1358 ab

102 1427 204 1501 aqua
221 1403 318 1486 acri,
334 1401 485 1498 qualem
503 1399 542 1470 in
559 1400 641 1468 viro
661 1397 707 1469 dc
724 1425 800 1496 quo
815 1403 977 1498 agimus,
995 1403 1106 1480 flave-

104 1521 157 1598 do
168 1517 375 1606 indicabat,
393 1516 530 1592 irritari
548 1539 615 1588 cor
630 1512 811 1588 fateretur
822 1519 1107 1593 Diemerbroec·

106 1636 213 1723 kius;
232 1633 331 1706 unde
347 1657 426 1708 esse
441 1646 564 1730 potest
576 1631 708 1727 pulsus
722 1629 941 1726 frequentia.
959 1637 1014 1706 Ad
1028 1637 1109 1710 illas

107 1740 206 1832 adde
215 1751 401 1826 libertini
413 1747 574 1845 (siquas
588 1745 677 1818 alibi
687 1771 839 1843 quoque
853 1749 1110 1842 indicavimus,

109 1870 409 1954 observationes,
426 1863 558 1962 pulsus
575 1861 791 1959 frequentes
805 1887 849 1934 ac
862 1890 1007 1962 parvos,
1017 1869 1110 1964 quin

21 1979 23 1984 ’
111 1989 224 2068 etiam
244 1983 378 2068 exiles,
398 1980 615 2060 celeriores,
634 1976 926 2078 deficientesque
947 2008 1017 2080 pro
1041 1987 1112 2056 mi-

109 2104 216 2189 nori,
243 2099 452 2194 majorique
480 2098 518 2171 in
545 2095 755 2193 pericardio
773 2123 878 2194 aqum
899 2101 1006 2196 copia
1034 2125 1112 2173 me·

109 2217 304 2293 morantis.
326 2215 434 2293 Ponit
448 2212 602 2310 quidem
621 2237 756 2310 paruos
772 2231 807 2286 et
819 2211 1110 2313 frequentiores,

81 2404 83 2408 .
115 2335 181 2410 sed
198 2331 351 2408 eosdem
371 2329 585 2408 vibratoset
598 2345 726 2404 tensos
739 2329 805 2402 uhi
824 2355 917 2428 aqua
935 2333 1111 2408 vellicans

111 2466 175 2528 est.
196 2455 338 2524 Verum
351 2445 415 2524 ibi
438 2446 485 2522 de
512 2447 709 2544 pericardii
730 2445 901 2546 hydrope
921 2450 1110 2547 loquitur,
1171 2533 1175 2542 ,

106 2569 178 2666 qui
198 2565 415 2662 cumipse,
433 2579 469 2638 et
485 2564 586 2638 solus
605 2561 762 2636 infestet.
782 2567 859 2638 Nos
871 2583 995 2640 autem
1011 2595 1112 2641 eum·

110 2685 199 2762 dem
210 2681 443 2758 habebamus
457 2705 543 2754 cum
564 2705 606 2755 ea
624 2705 735 2778 quam
756 2705 844 2756 mox
861 2685 1110 2758 considerabi-

109 2825 215 2887 mus,
228 2800 352 2874 cordis
362 2797 651 2896 amplificatione
668 2799 922 2894 conjunctum.
935 2804 1110 2875 Necvero

109 2933 149 2990 te
159 2917 255 2991 illud
267 2915 475 3014 perturbet,
485 2903 710 3012 quodautin
720 2915 800 2988 aliis
812 2917 990 3013 epistolis,
1000 2920 1040 2987 in
1054 2921 1113 3014 iis·
1162 2969 1165 2977 ·

110 3060 189 3133 quc
207 3034 411 3132 prasertim
429 3031 622 3128 inquibus
640 3031 685 3102 de
698 3033 1011 3128 peripneumonia
1028 3059 1114 3132 age.

110 3151 266 3239 bamus,
290 3151 402 3248 longe
435 3149 528 3224 alios
560 3148 691 3246 pulsus
720 3148 922 3244 aliquando
953 3173 1039 3221 cum
1071 3177 1113 3224 ea

110 3293 219 3365 aquae
239 3268 345 3365 copia
361 3267 690 3364 proposuerimus,
709 3279 773 3336 aut
789 3266 827 3334 in
841 3264 903 3336 illa
919 3269 1019 3355 XVI,
1039 3271 1114 3348 exi-

111 3386 187 3471 les,
213 3381 462 3480 infirmosque
489 3383 620 3481 pulsus
657 3382 756 3454 inter
783 3383 887 3480 signa
913 3388 1115 3482 peculiaria

113 3500 299 3600 hydropis
310 3499 595 3598 pericardiinon
611 3499 873 3596 receperimus.
888 3505 932 3572 In
942 3501 1004 3574 illa
1014 3505 1114 3573 enim

113 3617 271 3715 epistola
292 3617 397 3712 signa
418 3616 699 3712 quaerebamus,
724 3616 827 3686 hunc
848 3641 869 3687 a
890 3619 1033 3692 morbis
1050 3645 1115 3690 cae·

175 3917 187 3954 1
223 3899 260 3953 N.
277 3897 324 3953 23.
401 3901 403 3908 '

158 3895 203 4074 i²l
223 3999 386 4054 Comment.
399 3995 435 4052 de
448 3995 562 4052 Bonon·
576 3994 624 4052 Sc.
637 3999 728 4055 Acad.
741 4009 813 4056 tom.
833 4016 859 4068 1,
873 3999 906 4054 ia
918 4015 1020 4073 opusc.
