2800 4674
143 539 211 590 mu.
237 541 277 589 11.
305 541 352 590 ΒΕ
378 535 513 588 uoltum
538 533 733 603 ruentem,
758 537 870 587 EPIST.
897 541 986 588 xxm.
1017 501 1086 615 1'29

90 663 207 728 totum
238 681 336 754 aqua
362 653 531 752 replebat
556 651 774 739 flavescens,
803 673 880 728 non
910 645 1089 729 absimilis

91 774 160 846 seri
178 773 280 872 quod
307 775 421 850 misso
449 763 703 866 concretoqu'e
720 771 796 866 jam
815 775 997 869 ‘sanguini
1014 777 1090 844 cir-

65 892 315 987 cumjectum
340 889 521 960 videmus.
551 890 744 985 Nusquam
770 889 930 986 lymphae
954 891 1090 966 ductus

90 993 425 1106 conspiciebeintur.
436 1007 526 1078 Lien
537 1005 747 1078 naturalem
760 1006 906 1103 hepatis
920 1005 1091 1105 oequab'at
1200 1087 1202 1090 ,

90 1126 242 1215 molem,
253 1141 429 1222 arcteque
438 1122 534 1195 adeo
544 1147 628 1193 cum
641 1123 822 1220 proximis
830 1125 998 1222 partibus
1010 1153 1092 1198 uec·

89 1233 1093 1375 tebotur,utsepararidifficileposset.Heptr'gliqnan·

88 1375 166 1432 tum
197 1360 397 1439 videbatur
424 1373 678 1446 contractum,
715 1373 752 1430 et
778 1360 880 1431 intus
913 1377 1090 1459 extraque

88 1478 269 1577 pallebat:
289 1479 369 1574 ejus
385 1477 555 1550 vesiculae
574 1476 774 1549 crassiores
790 1477 1015 1552 factae'erant
1030 1495 1092 1552 tu*
1155 1500 1158 1506 ’
1187 1503 1193 1512 ·

87 1597 187 1668 nicae.
206 1597 346 1668 Vesicae
371 1611 496 1666 autem
522 1596 695 1665 urinariae
715 1595 853 1666 tunicis
878 1597 1003 1667 multae
1027 1595 1092 1670 hic

86 1712 160 1786 illic
171 1713 421 1811 cartilaginem
431 1713 692 1784 concretiones
705 1711 947 1782 inhaerebant.
959 1717 1003 1782 In
1014 1690 1093 1784 tho-

87 1830 180 1902 racis
200 1839 292 1900 cavo
311 1828 464 1900 dextero
485 1829 616 1925 pulmo
634 1851 767 1914 sunm,
786 1828 859 1900 nisi
880 1827 983 1924 quod
997 1826 1093 1901 infe·
1151 1821 1152 1826 ἵ
1176 1839 1178 1846 “

87 1949 187 2018 riore
210 1961 317 2043 parte
344 1945 507 2024 multum
526 1941 698 2015 rubebat.
727 1947 772 2012 In
791 1944 942 2014 sinistro
968 1959 1094 2016 autem

86 2063 220 2162 pulmo
238 2077 341 2133 totus
357 2074 436 2132 erat
452 2058 630 2156 pallidus,
649 2074 885 2148 contractus,
900 2077 937 2132 et
955 2060 1093 2153 durus,

85 2182 353 2276 saniosamq'uo
370 2175 588 2258 continebat
600 2178 812 2266 materiam3
829 2192 1007 2275 praetcrea
1025 2181 1094 2276 cir-

77 2297 284 2393 *cumjectis
294 2293 463 2394 partibus
474 2295 523 2366 ita
537 2309 615 2365 erat
625 2318 804 2384 annexus,
813 2289 966 2394 utquasi
975 2261 1096 2369 uniim

85 2419 175 2488 cum
196 2415 286 2512 ipsis
319 2437 459 2510 corpus
487 2410 842 2512 facerevideretur,
870 2437 941 2485 ner
970 2427 1096 2512 posset

87 2534 159 2634 nisi
172 2531 350 2604 violentia
363 2529 529 2601 adhibita
545 2531 718 2628 separari.
735 2530 989 2604 Pericardium
1002 2558 1094 2630 quo·

86 2676 162 2749 quc
173 2648 343 2748 undique
356 2648 462 2720 cordi
472 2645 753 2720 annectebatur.
766 2649 885 2744 Hu'jus
895 2650 1095 2724 ventriculi
1149 2725 1152 2732 A

90 2774 252 2865 prorsus'
265 2769 397 2846 inanes
415 2764 580 2838 fuerunt.
723 2765 728 2774 '

137 2884 169 2957 5.
198 2891 350 2978 Quaeres
369 2882 539 2972 sortasse,
567 2883 762 2980 quomodo
788 2883 937 2956 sinister
963 2885 1096 2984 pulmo

88 3017 303 3077 contractus
319 3001 484 3089 dicatur,
513 3001 690 3099 idemque
709 3003 960 3097 circumjectis
983 3003 1096 3099 partia

87 3117 158 3194 bus
174 3120 270 3196 adeo
288 3144 455 3191 annexus
467 3120 481 3190 i
493 3119 639 3190 Scilicet
657 3134 721 3190 aut
740 3143 819 3188 non
832 3118 1001 3216 undique
1020 3145 1099 3198 om*
1146 3217 1147 3220 Ἴ

89 3238 203 3310 nibus
223 3261 391 3310 annexus
414 3251 511 3326 erat,
532 3235 598 3308 sed
615 3235 841 3334 quibusdam
856 3261 865 3305 τ
883 3253 947 3308 aut
967 3239 997 3309 si
1019 3253 1098 3312 erat

90 3355 373 3444 omnibus‚non
384 3355 529 3426 ambitu
547 3367 784 3442 contractum
795 3353 860 3425 sed
869 3357 999 3428 intima
1013 3356 1098 3430 sub-

90 3474 223 3544 stantia
240 3471 311 3544 fuit
331 3473 583 3570 quamobrem
607 3487 821 3543 contractus
846 3487 883 3544 et
903 3473 1021 3547 durus
1042 3475 1097 3547 di-

91 3589 209 3680 citur,
226 3591 372 3661 sanioso
389 3591 542 3662 materia
556 3587 747 3686 quidquid
767 3592 875 3687 'spatii
894 3592 993 3664 intre
1008 3617 1098 3668 con-

91 3717 245 3778 tractam
263 3706 506 3780 substantiam
524 3704 825 3810 relinquebatur,
842 3731 888 3779 eo
903 3713 1020 3808 magis
1031 3737 1097 3809 op-

89 3822 234 3920 plente‚
255 3823 360 3922 qnod
377 3826 509 3896 minus*
520 3825 567 3896 de
584 3827 664 3923 ipsa
681 3826 790 3896 tussis
804 3841 953 3929 poterat
965 3853 1010 3904 ex
1029 3829 1097 3907 du-

90 3961 134 4009 ro
161 3956 198 4012 et
226 3941 376 4038 alligato
402 3939 572 4037 undique
601 3942 954 4040 pulmone'ejicere.
981 3947 1100 4046 Cujus

92 4052 170 4130 haec
190 4059 278 4132 vitia
297 4083 385 4132 cum
410 4059 575 4158 pectoris
591 4059 718 4150 dolor,
750 4061 938 4160 tussisque
960 4063 1101 4162 signifi·

163 4173 196 4246 3·
899 4204 923 4278 9
