2820 4668
329 433 399 510 552
495 459 543 506 rr
569 455 717 506 ssornns
742 455 787 504 rr
811 455 937 506 causls
962 455 1169 508 uonrnnnsr

326 579 470 648 riarum
491 571 599 644 fibris
614 571 686 644 sibi
698 569 853 642 totidem
862 569 974 642 sulcis
985 561 1211 670 inscriptam:
1225 595 1294 670 quos

334 689 491 791 quidem
501 689 644 778 sulcos,
665 711 752 759 cum
763 711 888 762 osseas
903 712 1077 786 squamas
1088 689 1175 761 olim
1186 705 1293 774 attans

327 811 445 882 versis
461 807 684 880 arteriarum
700 801 807 878 fibris
821 805 1034 877 evolverem
1045 831 1089 895 ‚a
1105 833 1164 880 me
1177 832 1294 905 quoque

302 937 305 946 '
325 923 364 998 iri
395 926 545 997 illarum
570 921 799 1022 quibusdam
819 922 1101 997 animadversos
1119 923 1220 998 luisse
1241 950 1295 996 nc·

328 1044 432 1114 mini.
450 1046 528 1114 Nec
545 1040 717 1114 dissimili
733 1041 1296 1139 argumentollallerus(t)utit1r

328 1159 375 1232 ad
396 1157 676 1233 ostendendum
704 1159 849 1256 amplas
868 1157 1026 1232 laminas
1040 1184 1171 1233 osseas
1185 1215 1194 1249 ,
1209 1160 1241 1230 in
1256 1184 1297 1230 ex·

325 1279 465 1350 teriore
486 1275 580 1348 facie
596 1291 700 1350 natas
720 1278 912 1349 crassioris
926 1279 1134 1375 meningis,
1161 1303 1203 1350 ex
1218 1300 1298 1349 succo
1357 1261 1358 1276 ³

326 1397 468 1494 pariter
481 1395 674 1468 coaluisse.
690 1401 810 1468 Porro
824 1396 937 1467 ctiam
949 1411 1077 1468 censet
1092 1397 1164 1494 (α),
1174 1397 1297 1496 primam

327 1513 463 1586 calculi
475 1513 612 1586 renalis
632 1516 828 1587 materiem
848 1513 920 1586 sihi
938 1513 1139 1611 aliquoties
1157 1538 1299 1613 conspec-

326 1645 404 1702 tam
421 1655 502 1703 esse
521 1651 611 1729 quea
618 1631 830 1731 plurimum
851 1657 935 1704 cum
957 1637 1165 1704 crustarum
1178 1635 1299 1702 artorio·

326 1773 457 1820 sarum
465 1749 838 1848 primis-rodonensis
857 1750 1000 1821 habeat
1026 1751 1240 1846 affinitatis,
1257 1747 1300 1817 tn-

326 1891 416 1938 vum
438 1866 613 1940 videlicet
627 1890 786 1939 mucum
796 1869 837 1938 in
849 1866 999 1956 settim,
1012 1882 1056 1940 ut
1071 1870 1249 1955 vocitant,
1260 1888 1299 1936 ca·

328 1985 523 2072 nalicnlis‚
548 1984 802 2082 eumdemque
828 1986 1011 2085 gradatim
1040 1985 1228 2058 duriorem
1251 1981 1299 2052 sac-

327 2119 432 2192 tum,
448 2119 491 2174 ut
506 2103 601 2174 mihi
614 2105 653 2174 in
668 2119 834 2186 mentem
856 2106 982 2178 veniat
1001 2103 1260 2204 progressionis
1271 2097 1299 2168 il·
1357 2157 1358 2204 ᾗ

297 2291 315 2322 ,·
330 2221 427 2310 lius,
444 2246 559 2318 quam
578 2223 618 2291 in
644 2222 805 2320 pinealis
827 2221 1012 2321 glandulae
1033 2223 1189 2295 calculis
1204 2246 1222 2291 a
1237 2219 1299 2290 flava
1357 2221 1358 2308 J

329 2363 485 2411 mucosa
511 2339 778 2411 ad'arenosam
803 2355 840 2411 et
865 2339 1031 2438 denique
1053 2341 1101 2414 ad
1125 2353 1300 2414 concretam

330 2455 616 2554 snbdnramque
634 2459 827 2529 materiam
852 2459 1125 2549 animadverti,
1149 2475 1185 2532 et
1211 2473 1300 2530 tecun

330 2573 423 2645 alias'
437 2572 492 2670 (3)
508 2575 798 2647 communicavi.
818 2579 927 2648 Certe
947 2591 1072 2649 autem
1085 2603 1170 2675 quae
1186 2573 1297 2647 materia

331 2717 351 2764 e
366 2691 557 2763 renalibus
567 2691 642 2762 illis
657 2694 832 2765 extremis
844 2693 1022 2767 ductibus
1037 2719 1170 2794 saepea
1188 2695 1228 2766 cl.
1239 2697 1297 2762 Ber-

330 2811 425 2880 tinio
439 2809 493 2905 (4)
509 2809 808 2907 exprimebatur,
828 2827 865 2883 et
880 2814 1062 2900 crassitie,
1080 2829 1118 2884 et
1139 2813 1266 2896 colore,
1276 2816 1300 2876 et

330 2930 462 3001 terreis
486 2928 651 3026 denique
676 2930 871 3026 particulis
891 2955 978 3003 cum
999 2931 1140 3002 Halleri
1163 2923 1300 3003 convenit

330 3049 604 3122 observatione.
621 3053 712 3140 Quae
726 3053 854 3122 omnia
876 3053 945 3123 etsi
962 3052 1074 3153 digna
1093 3050 1205 3122 laude
1226 3057 1300 3121 sunt.

332 3183 368 3241 et
388 3165 495 3238 facile
513 3170 642 3253 etiam,
661 3169 759 3238 utin
779 3169 989 3266 plerisque,
1006 3168 1221 3266 probanda,
1236 3157 1300 3234 mihi

329 3300 456 3355 tamen
476 3309 588 3383 quam
602 3285 702 3354 varia
718 3297 921 3360 'occurrere
938 3286 1050 3358 nobis
1071 3288 1212 3359 soleant
1226 3285 1257 3352 in
1271 3279 1300 3348 iis

331 3429 414 3501 quac
445 3404 813 3501 secundum410nge
839 3419 964 3476 autem
994 3407 1113 3504 magis
1143 3429 1218 3503 quae
1234 3419 1300 3498 prae⁴

329 3535 388 3594 ter
403 3534 577 3591 naturam
598 3537 707 3607 sunt,
726 3545 984 3619 saepenumero
1007 3513 1302 3594 animadvertenti,

328 3663 1297 3693 ——u-——a——n—-n—-u--oe--uflfl'

369 3752 381 3829 l

368 3853 380 3931 (

368 3953 380 4031 (

349 4061 381 4124 (

403 3755 414 3830 )

401 3854 413 3932 )

402 3955 412 4031 )

400 4055 412 4132 )

386 3774 396 3810 1

383 3873 398 3909 n

383 3956 399 4011 3
433 3894 528 4030 Epist.
546 3953 580 4026 5,
592 3973 622 4008 n.
638 3972 682 4009 12.

383 4061 399 4119 4
433 4057 524 4112 Mem.
540 4055 700 4112 delNJAcad
716 4057 791 4131 Roy
806 4053 1191 4128 desSciences,an.1744·
1274 4047 1277 4058 '
