2824 4668
176 495 245 546 tta.
272 495 317 556 11·¹
340 491 387 544 ΒΕ
411 492 548 544 monms
573 491 771 560 ΤΠΟΒΔΟΙῦ,
795 494 907 544 EPIST.
934 493 1032 546 mv.
1061 497 1129 575 297

127 626 194 686 est.
212 615 258 682 ln
268 608 423 682 thorace
431 632 511 681 non
520 606 661 697 solnm,
677 632 811 680 verum
827 610 939 682 etiam
952 610 992 682 iu
1002 628 1133 686 ventre

125 727 241 804 fuisse
265 751 418 826 aquam,
439 725 697 800 retuleruutii
721 733 789 824 qui
807 727 1046 802 detraxerant
1061 732 1133 806 ris-

126 871 232 920 cera:
249 845 344 944 quin
361 847 471 916 etiam
488 867 610 916 crassa
617 844 794 917 intestina
802 844 1028 942 quibusdam
1042 847 1134 923 locis

125 964 240 1038 fuisse
265 962 494 1038 inflammata
507 975 548 1036 et
570 962 840 1060 graveolentia,
857 963 1021 1063 ideoque
1046 991 1135 1040 cum

126 1083 269 1157 cateris
285 1079 492 1160 visceribus
509 1105 589 1152 non
608 1103 688 1152 esse
709 1082 831 1154 missa.
850 1085 947 1154 Vera
963 1082 1039 1156 diei
1054 1109 1136 1184 gra·

124 1202 182 1274 vis
201 1199 298 1272 odor
318 1196 568 1272 confirmabat
587 1222 720 1270 eorum
739 1223 823 1296 quae
838 1199 948 1274 allata
967 1199 1147 1293 fuerant,

124 1319 266 1392 ventris
291 1317 445 1414 quidem
464 1316 646 1406 maxime,
671 1315 841 1388 sednon
865 1317 997 1392 leviter
1021 1320 1134 1392 etiam

55 1471 62 1484 ·
123 1435 298 1514 thoracis.
313 1441 442 1534 Itaque
453 1433 717 1536 pulmonibuS,
733 1437 800 1533 qui
811 1439 914 1534 gravi
924 1452 1134 1536 erantpon·

124 1555 217 1629 dere
238 1554 517 1654 praetermissis,
545 1578 613 1626 cor
639 1569 677 1626 et
703 1577 791 1626 vasa
810 1554 849 1624 in
876 1553 1015 1651 quibus
1040 1570 1134 1630 tuuc

124 1669 221 1746 forte
238 1672 407 1771 quadam
426 1670 582 1742 avebam
606 1689 878 1767 recognoscere
893 1670 1135 1768 ,diligentius

124 1815 210 1864 sum
234 1791 402 1862 rimatus.
428 1787 623 1884 Polyposis
641 1785 777 1858 albidis
803 1788 1134 1879 concretionibuS,

124 1907 256 2006 quales
276 1908 316 1978 in
338 1929 435 1977 vena
453 1927 608 2002 quoque
627 1917 845 2002 portarum,
864 1917 905 1975 et
929 1927 1018 1976 cava
1039 1904 1135 1980 infe-

124 2025 228 2096 riore
251 2021 419 2110 fuerunt,
439 2020 486 2094 ab
505 2020 674 2093 auricula
693 2019 846 2092 dextera
870 2019 1020 2111 ablatis,
1046 2045 1134 2094 curn

123 2143 164 2212 in
182 2139 340 2236 reliquis
356 2137 483 2210 cordis
495 2139 616 2212 caveis
627 2137 723 2210 nihil
743 2153 839 2210 esset
856 2137 1063 2234 ejusmodi,
1081 2141 1135 2211 ni·

123 2258 181 2330 hil
201 2273 326 2329 autem
340 2277 502 2355 usquam
517 2271 714 2356 appareret
728 2257 809 2328 vitii
819 2311 829 2345 ,
841 2258 914 2330 nisi
925 2259 965 2328 in
972 2256 1134 2338 ‚valvulis
1206 2248 1209 2270 ¹

124 2375 268 2447 arteria
291 2399 453 2474 magnae,
477 2372 594 2471 idque
617 2374 844 2465 maximum,
864 2373 939 2447 hoc
957 2376 1133 2450 attentius

122 2494 274 2565 intuens
300 2507 414 2590 atque
443 2491 678 2581 examinans,
709 2492 762 2563 sic
788 2490 1037 2592 reperiebam.
1071 2497 1131 2565 Eae

123 2635 256 2684 omnes
276 2609 431 2682 valvulae
457 2633 604 2684 summo
623 2609 767 2700 limbo,
782 2625 820 2682 et
844 2609 935 2682 huic
960 2612 1132 2710 proxima

121 2743 230 2829 parte
247 2728 347 2800 illius
361 2726 468 2802 facici
480 2753 556 2826 qua
574 2728 785 2827 respiciunt
796 2729 896 2802 inter
914 2753 973 2818 se;
990 2730 1030 2800 in
1045 2729 1133 2802 bre-

121 2871 187 2920 ves
204 2863 242 2923 et
255 2847 456 2944 inaequales
467 2844 1134 2946 extuberabantexcrescentias:qua-

124 2991 211 3038 rum
226 2965 395 3064 pondere
407 2978 661 3064 praegravata,
680 2989 726 3037 eo
741 2962 1030 3036 abducebantur
1045 2967 1131 3034 uni-

122 3107 249 3173 versa,
260 3099 302 3154 ut
315 3083 570 3182 angustiorem
582 3083 682 3154 inter
693 3106 732 3154 se
745 3081 1008 3178 relinquerent
1018 3081 1129 3170 viam,

121 3226 319 3302 perquam
336 3200 465 3300 egredi
484 3201 635 3298 sanguis
646 3212 782 3298 posset.
805 3201 903 3268 Cum
919 3211 1044 3272 autem
1059 3199 1132 3270 sin-

122 3320 230 3420 gulas
254 3321 503 3416 inspectorem
529 3316 724 3404 valvulas,
738 3315 932 3388 dexteram
948 3315 1026 3388 vidi
1041 3315 1129 3390 bre-

124 3439 232 3538 ¹viora
256 3461 336 3509 esse
358 3436 497 3524 limbo,
517 3437 594 3510 sive
611 3435 799 3506 minorem
818 3436 858 3505 in
875 3449 1129 3514 transversum

122 3579 204 3628 esse
214 3554 365 3643 factam,
380 3554 567 3626 sinistram
579 3567 704 3626 autem
714 3576 785 3652 per
795 3551 964 3625 medium
976 3577 997 3625 a
1009 3553 1128 3624 limbo

121 3673 171 3746 ad
188 3697 362 3773 aggerem
376 3695 495 3770 usque
517 3673 637 3746 imum
651 3670 880 3770 disruptam,
895 3671 942 3744 ab
963 3673 1128 3770 ipsisque

121 3806 289 3890 ruptura
318 3789 434 3862 labris
458 3788 547 3862 alias
573 3789 821 3888 protuberare
845 3788 1125 3861 excrescentias.

121 3911 264 3981 Harum
281 3907 461 3980 omnium
479 3904 684 3980 substantia
699 3922 779 3982 erat
795 3907 877 3978 laxa
891 3931 936 3978 ex
955 3919 1079 4003 parte,
1091 3922 1129 3980 et

115 4022 275 4102 flaccida
285 4080 296 4119 ,
312 4039 357 4100 ut
367 4024 495 4125 digitis
513 4038 627 4126 atque
645 4023 836 4126 unguibus
853 4021 962 4098 nullo
973 4023 1127 4124 negotio
