2824 4668
219 445 286 491 nra.
315 447 354 492 n.
383 447 432 494 na
457 445 592 496 nonnis
618 446 814 512 suonacrs,
840 451 951 498 narsi.
979 455 1060 500 xxv.
1089 431 1160 531 375

152 560 319 633 materia.
338 559 506 634 Thorace
523 559 694 648 recluso,
711 561 785 648 nil,
804 566 875 636 nisi
892 566 1079 657 incende,
1096 572 1162 643 ed·

152 677 350 754 notatione
371 677 530 776 dignum
561 675 650 766 fuit,
682 679 789 774 cujus
815 682 984 760 auricula
1011 685 1162 762 dextera

148 793 248 866 adeo
262 811 341 866 erat
355 794 526 900 dilatata,
545 810 589 868 ut
602 797 750 872 tertiam
764 798 890 870 cordis
900 819 1064 898 aequaret
1081 829 1164 903 par·

151 925 249 981 tem:
271 911 401 986 dexter
417 927 541 984 autem
553 913 786 986 ventriculus
800 917 949 1012 copiam
965 917 1072 990 fluidi
1083 945 1163 992 san·

153 1029 277 1126 guinis
291 1030 482 1127 ingentem
498 1031 729 1118 continebat,
741 1055 828 1104 cum
843 1057 963 1130 eaque
973 1037 1161 1110 minorem

149 1146 356 1245 polypum,
375 1163 516 1218 naturae
539 1147 701 1222 multum
720 1148 768 1221 ab
790 1150 835 1221 iis
855 1153 1162 1227 concretionibus
1204 1203 1229 1230 κ.

152 1265 400 1364 discrepantis
411 1291 493 1363 quae
513 1269 551 1338 in
568 1291 700 1346 eorum
716 1267 941 1364 corporibus
951 1271 1084 1368 saepius
1096 1295 1162 1343 oc-

154 1399 313 1459 currunt
333 1409 429 1482 quos
442 1382 579 1468 febris,
601 1385 709 1456 aliive
727 1386 914 1480 ejusmodi
929 1385 1055 1458 morbi
1066 1389 1161 1461 inte·

150 1503 343 1576 remerint.
363 1501 578 1576 Substantia
595 1504 695 1575 enim
714 1518 793 1576 erat
810 1504 930 1575 multo
957 1508 1160 1597 crassiore,

149 1635 265 1718 atque
287 1620 458 1692 aliterue
479 1621 518 1690 in
543 1620 616 1691 illis
645 1635 861 1718 compacta,
886 1622 1012 1693 colore
1033 1641 1159 1696 atatem

148 1739 256 1810 carni
277 1738 397 1810 simili.
416 1738 543 1810 Cranii
560 1734 704 1808 fornice
730 1751 897 1825 exsecta,
925 1736 1159 1812 dum'crassa

145 1857 308 1930 menius
338 1854 590 1942 incideretur,
610 1879 754 1944 serum
787 1854 928 1952 prodiit
955 1855 1002 1928 ad
1031 1857 1161 1928 uncias
1261 1935 1264 1938 ,

150 1974 269 2048 dues:
292 1973 402 2068 cujus
421 1972 578 2070 paulum
593 1974 633 2044 iu
652 1971 871 2046 ventriculis
890 1997 1044 2070 quoque
1063 1997 1162 2044 cere·

150 2091 212 2164 bri
223 2106 419 2188 repertum
441 2106 516 2176 est,
533 2105 663 2162 caetera
678 2092 768 2163 sani.

202 2207 234 2280 3.
255 2213 351 2280 Cum
365 2208 412 2280 ad
427 2207 648 2296 ventriculi,
667 2209 798 2306 capitis
812 2222 848 2280 et
863 2206 987 2282 cordis
1006 2207 1162 2282 morbos

151 2325 231 2398 haec
249 2327 403 2400 attineat
425 2327 599 2414 historia,
625 2325 724 2398 inter
746 2325 817 2398 hos
839 2325 992 2398 ultimos
1019 2323 1160 2398 referre

150 2444 290 2530 malui,
313 2458 514 2542 propterea
527 2444 616 2541 qnia
631 2442 714 2514 duae
730 2443 800 2516 illae
814 2466 1023 2542 praegressae
1044 2443 1161 2514 animi

145 2559 406 2649 defectiones,
423 2585 553 2660 graves
573 2561 669 2634 adeo
685 2576 728 2634 ut
744 2561 808 2633 hic
820 2562 970 2658 juvenis
986 2576 1160 2633 mortuus

146 2703 230 2754 esse
249 2678 484 2768 crederetur,
508 2679 614 2776 cujus
634 2680 783 2778 generis
806 2680 1009 2766 novissima
1028 2675 1158 2767 fuerit,

150 2822 197 2868 ex
214 2821 289 2894 qna
307 2822 438 2870 revera
460 2811 633 2871 mortuus
650 2812 726 2886 est,
751 2798 840 2869 satis
855 2796 1034 2867 videntur
1050 2795 1162 2893 signi·

150 2913 275 2988 ficare.
299 2917 394 2986 Nam
412 2916 645 3012 quicumque
669 2914 805 2988 modus
822 2911 935 2985 fuerit
948 2937 1025 3010 quo
1045 2913 1160 3008 hujus

152 3033 291 3106 ultimis
319 3033 469 3104 initium
491 3033 650 3131 ingruit,
677 3047 714 3104 et
731 3055 979 3129 quaecumque
1009 3030 1162 3128 capitis,
1242 3019 1245 3026 ’

153 3175 438 3249 nervorumque
451 3152 490 3222 in
502 3147 918 3248 eaconspiratio,nihil
929 3147 1162 3245 magnopere

155 3267 279 3342 obstat
304 3269 510 3365 quominus
541 3269 583 3340 in
609 3291 804 3365 syncopen
831 3265 981 3338 desiisse
1005 3263 1163 3336 arbitre-

155 3411 262 3460 mur:
282 3385 388 3482 quod
406 3384 609 3460 confirmat
631 3385 856 3458 subsecutus
882 3381 989 3456 laciei
1017 3384 1162 3482 pallor,

153 3528 226 3574 nec
239 3508 565 3576 recrementcrnm
586 3491 751 3574 infirmat
765 3505 904 3592 exitus,
923 3503 1062 3600 quippe
1076 3523 1163 3572 cum

157 3621 418 3720 sphincterum
446 3623 582 3698 laxatio
609 3621 801 3696 interdum
820 3620 977 3718 syncopi
1010 3641 1165 3716 quoque

158 3742 371 3813 communis
389 3742 444 3812 sit.
464 3747 622 3839 Magnus
635 3755 734 3812 certe
749 3741 926 3810 inventus
936 3753 990 3808 est
1001 3738 1041 3810 in
1052 3734 1166 3818 corde

157 3857 324 3934 morbus.
341 3858 420 3934 Nec
439 3884 529 3932 vero
549 3859 588 3930 id
608 3859 657 3930 ob
677 3883 836 3958 parvum
855 3855 961 3928 illum
982 3853 1167 3952 polypum

159 3974 266 4066 dico,
293 3979 401 4075 cujus
426 3977 714 4076 qualiscumque
732 3973 1171 4074 substantia‚structura
1217 4048 1222 4058 .
