2808 4664
122 477 189 526 ΜΒ.
217 476 256 522 11.
285 475 332 524 DE
358 471 495 544 nonnis
520 469 711 538 THOElACss,
736 472 848 522 nr1sr.
871 474 975 522 xx111.
1005 475 1069 525 221

75 591 171 688 ipsas
183 587 410 661 dilataverat.
427 589 473 657 In
485 585 530 658 iis
545 599 670 658 tamen
688 611 771 683 quae
782 588 970 660 viventem
983 585 1076 660 affli-

76 722 223 796 xerant,
246 704 530 805 palpitationem
556 705 711 774 minime
735 702 951 776 adnotatam
970 732 1078 804 repe·

78 828 159 897 ries.
183 823 295 915 Quod
308 824 338 894 si
352 818 447 894 forte
458 821 602 892 incidas
617 821 657 890 in
672 820 863 909 historias,
880 823 1077 920 exquibus

77 943 268 1040 sanguinis
288 961 419 1012 cursus
438 961 507 1036 per
531 961 790 1037 compressum
807 952 911 1010 extra
929 941 1076 1014 intusve

74 1055 1078 1157 pulmonemretardatus,cordispalpitationibuseau·

76 1198 153 1247 sam
166 1174 339 1246 videatur
355 1173 580 1273 praebuisse,
598 1173 718 1270 qualis
736 1175 835 1245 inter
850 1174 939 1245 alias
950 1174 1076 1246 obser·

75 1295 243 1370 vationes
255 1292 317 1364 illa
332 1305 387 1362 est
399 1291 490 1363 clari
504 1289 753 1388 Grimmii(1),
768 1292 975 1389 quavirum
992 1317 1078 1391 pro·

75 1413 185 1508 ponit
201 1407 447 1482 incommodo
464 1407 539 1478 hoc
560 1406 677 1480 ferme
705 1424 890 1506 perpetuo
914 1434 1075 1500 annum,

76 1552 200 1628 eoque
217 1528 378 1626 amplius
393 1540 590 1608 vexatum,
609 1527 766 1623 ejusque
783 1525 1003 1625 pulmonem
1024 1528 1077 1599 al·

75 1663 201 1720 terum
220 1643 338 1718 effirsa
358 1669 456 1742 aqua
474 1642 766 1730 circumdatum,
785 1659 988 1740 utrumque
1009 1670 1076 1716 au·

74 1781 152 1836 tem
171 1764 233 1834 vix
252 1760 549 1836 numerabilibus
572 1760 729 1830 vomicis
756 1759 858 1830 intus
890 1760 1076 1851 obsitum3

74 1880 165 1952 hinc
180 1879 334 1978 quidem
345 1891 469 1949 ortam
481 1876 767 1975 palpitationem
789 1873 901 1948 fuisse
921 1877 1077 1969 credito,

74 2000 128 2070 sie
155 2014 299 2083 tamen,
324 2011 367 2067 ut
402 1994 514 2066 simul
550 1992 766 2065 memineris
794 1991 893 2065 hanc
921 1996 982 2066 vix
1008 2021 1077 2068 uu·

74 2140 192 2213 quam
218 2116 258 2184 in
278 2128 336 2185 tot
361 2110 494 2202 fluisse,
519 2135 616 2210 quos
639 2110 894 2210 superioribus
912 2114 1078 2213 epistolis

75 2247 144 2306 aut
160 2231 323 2304 thoracis
341 2229 531 2330 hydrope,
551 2243 625 2300 aut
637 2227 883 2327 pulmonum,
902 2233 997 2302 utin
1013 2256 1077 2331 pe·

74 2349 363 2447 ripneumonia,
383 2347 521 2419 duritie
542 2361 579 2419 et
591 2345 816 2437 tuberculis,
835 2362 878 2418 ut
897 2348 936 2418 iu
952 2347 1079 2447 phthi-

75 2467 125 2555 si,
145 2462 336 2538 coufectos
350 2463 625 2563 descripsimus.

131 2581 186 2656 15.
206 2588 379 2682 Longum
398 2597 494 2656 esset
513 2607 581 2681 per
597 2607 730 2654 omnes
754 2607 881 2656 causas
900 2585 975 2670 ire,
994 2611 1077 2684 quae

76 2716 366 2802 proponuntur,
390 2684 664 2799 palpitationis,
697 2699 840 2774 nolenti
871 2704 1076 2798 praesertim

77 2844 161 2917 quae
185 2817 275 2890 alibi
296 2833 361 2890 aut
385 2817 503 2907 dicta,
523 2833 587 2889 aut
612 2817 772 2890 dicenda
798 2833 902 2908 sunt,
929 2815 1075 2892 iterare.

75 2938 170 3008 Nam
186 2936 233 3009 de
248 2936 372 3008 cordis
388 2936 504 3034 ipsius
518 2936 683 3023 ossibus,
698 2935 905 3026 ulceribus,
917 2936 1078 3034 polypis,

76 3055 147 3126 erit
162 3055 203 3124 in
222 3054 404 3160 proximis
424 3053 590 3150 epistolis
613 3053 865 3153 opportunior
888 3051 1078 3126 scribendi

75 3171 194 3246 locus.
215 3176 270 3244 De
290 3169 489 3271 pericardii
514 3186 637 3242 autem
661 3168 857 3266 hydrope,
881 3194 997 3266 aquo
1022 3185 1079 3244 tot

77 3305 166 3362 sunt
181 3291 248 3386 qui
263 3289 548 3388 palpitationem
561 3301 758 3386 repetunt,
774 3286 869 3358 nihil
885 3289 1016 3361 attinet
1030 3289 1078 3362 ad

77 3432 120 3480 ea
131 3406 272 3478 addere
289 3432 371 3504 quar.
386 3406 434 3477 de
447 3405 584 3477 morbo
601 3405 689 3493 illo,
709 3418 746 3475 et
764 3403 810 3475 de
827 3403 898 3476 hac
913 3407 984 3504 ipsi
995 3433 1076 3480 mo·

78 3523 127 3596 do
146 3524 346 3620 adjuncta,
365 3523 452 3595 alias
465 3524 640 3613 absente,
658 3522 812 3621 epistola
830 3525 915 3598 XVI
924 3523 978 3621 (a)
990 3542 1079 3598 sunt

78 3643 227 3740 scripta.
250 3640 439 3715 Praestabit
455 3643 571 3741 igitur
594 3640 772 3739 quasdam
789 3641 877 3713 alias
894 3640 956 3711 hic
976 3643 1076 3740 peri-

116 3922 160 4001 (ι)
181 3925 339 3982 scene.
352 3935 422 3981 tom.
440 3942 470 3995 1,
482 3923 546 3981 obs.
564 3941 628 3981 ιιι.

119 4024 163 4102 ln)
184 4024 363 4098 Praesertim,
379 4043 409 4080 n.
427 4023 475 4080 23.
