2824 4668
202 447 269 495 mr.
298 449 339 496 11.
367 450 414 496 oa
440 447 941 512 nonarsraoancrs‚rr1sr.
969 455 1051 502 xxv.
1080 431 1150 530 373

142 683 1153 716 mmmmmwmvwwwmumwwwwwwmmmmwwnwu

201 883 435 996 EPISTOLA
459 881 961 960 ANATOMICO-MEDICA
984 890 1093 964 XXV.

284 1119 423 1216 Agitur
443 1083 754 1214 deiipotltymia
777 1131 814 1187 ec
835 1121 1012 1220 Syncope.

137 1345 356 1470 Asnaum
371 1395 539 1492 quidem,
556 1410 600 1466 ut
614 1392 875 1493 superioribus
888 1395 1021 1470 litteris
1032 1397 1087 1496 (ι)
1097 1423 1152 1472 os·

139 1531 291 1588 tensum
313 1529 386 1600 est,
414 1515 495 1586 sine
523 1537 701 1609 syncope*
715 1535 793 1584 esse
819 1528 964 1609 potest:
981 1515 1046 1586 sed
1071 1541 1150 1588 non

140 1657 307 1731 syncope
327 1633 407 1702 sine
427 1629 619 1726 asphyxia.
637 1628 736 1699 Illud
756 1626 1020 1702 difficillimum
1041 1634 1152 1704 intel-

134 1753 240 1823 ·lectu
257 1765 330 1820 est:
348 1748 422 1820 hoc
449 1746 679 1818 facillimum.
697 1747 854 1818 Minime
868 1748 968 1818 enim
982 1749 1153 1822 mirabile

134 1885 218 1956 est,
236 1869 301 1966 qui
312 1880 553 1936 mortuorum
568 1863 706 1934 similes
719 1863 869 1958 jaceant
881 1885 894 1952 ‚'
905 1865 944 1934 in
960 1863 1019 1937 his
1036 1880 1078 1936 ut
1089 1889 1155 1938 caeu

139 2002 220 2060 tera
246 1982 323 2056 fere
352 1980 480 2054 omnia
506 1983 589 2054 vitae
615 1979 775 2070 indicia,
802 1982 854 2054 sic
884 1981 1014 2079 pulsus
1041 1983 1152 2054 etiam

142 2104 284 2176 deesse.
301 2105 457 2188 Contra,
469 2124 548 2169 non
562 2098 649 2170 satis
660 2099 790 2170 mirari
801 2100 942 2196 possis,
958 2099 1151 2198 inquibus

141 2220 292 2292 nullum
310 2219 533 2290 arteriarum
550 2232 697 2287 motum
716 2219 899 2316 reperias,
928 2219 968 2288 in
997 2218 1041 2290 iis
1069 2219 1151 2316 ple-

141 2361 260 2434 raque
277 2360 409 2421 eorum
429 2336 554 2433 vigere
574 2360 657 2432 quae
671 2336 710 2406 in
724 2334 945 2406 hominibus
958 2361 1036 2406 non
1057 2337 1149 2408 vivis

141 2453 279 2541 modo,
299 2453 365 2526 sed
385 2454 483 2525 sanis
501 2454 611 2524 etiam
628 2467 850 2550 spectamus.
869 2451 1027 2523 Facilior
1036 2454 1151 2550 igitur

135 2593 328 2670 -syncopes
341 2595 454 2668 quam
475 2569 662 2668 asphyxiae
680 2571 850 2641 tractatio
869 2584 944 2642 est:
963 2597 1034 2642 nec
1054 2571 1150 2642 diffi-

133 2690 251 2762 cilior
275 2688 523 2787 lipothymiae‚
551 2689 692 2786 quippe
720 2713 741 2758 a
768 2711 935 2785 syncope
965 2713 1045 2763 non
1076 2692 1149 2762 nisi

141 2806 261 2906 gradu
294 2805 551 2904 discrepantis.
585 2811 726 2876 Harum
759 2807 959 2902 utriusque
999 2815 1147 2897 causas,

140 2951 222 3023 quae
239 2925 417 2998 Valsalvae
429 2923 603 3022 quidem,
615 2939 653 2995 et
669 2923 818 2992 mihim
836 2923 1061 2994 cadaverum
1076 2924 1149 2997 dis·

141 3045 307 3114 sectione
327 3067 365 3116 se
383 3041 627 3128 obtulerunt,
648 3066 692 3111 ex
716 3038 884 3138 epistola
897 3038 969 3110 hac
989 3063 1148 3138 cognos-

138 3185 212 3234 ces
228 3161 321 3232 Ille
311 3163 428 3259 rgitur
440 3162 491 3234 sic
507 3161 663 3233 invenit.

88 3334 93 3341 .
191 3306 223 3349 2.
234 3279 388 3350 Juvems
397 3277 679 3374 duodetriginta
691 3297 899 3360 annorum,
915 3293 1150 3372 procerus-et

140 3397 309 3494 pinguis,
322 3394 514 3493 rubroque
534 3409 701 3466 anatum
718 3389 831 3480 facie,
851 3391 987 3486 crebro
1000 3408 1145 3465 stoma*

141 3511 204 3584 chi
217 3512 342 3584 dolori
361 3512 566 3600 obnoxius,
586 3512 653 3609 qui
667 3508 737 3581 sibi
756 3507 848 3580 dum
864 3510 1047 3605 inclinato
1064 3533 1146 3604 cop*

141 3655 233 3728 pore
259 3644 372 3728 caput
394 3613 639 3718 demittebat}
657 3653 690 3698 a.
707 3625 903 3720 stomacho
931 3626 1074 3723 aliquid
1104 3628 1151 3698 ad

138 4045 141 4052 .
180 3990 226 4068 (ι)
245 3991 283 4049 n.
300 4009 332 4070 9.
