2820 4668
310 447 382 545 478
479 471 526 518 nr.
552 467 769 522 seorsus-nr
791 467 919 516 causis
944 467 1155 518 noasoauu

309 585 367 656 uti
394 583 523 682 plures
548 579 715 670 faciunt,
741 579 954 655 addendam
986 597 1178 681 putemus.
1212 585 1328 676 Quod

306 725 401 774 num
433 698 647 774 faciendum
673 701 713 770 in
738 695 985 787 metuerit,
1015 701 1126 798 cujus
1149 704 1331 800 protinus

309 816 511 892 historiam
531 816 740 916 proferam,
758 817 838 914 ipse
860 817 1100 891 existimabis.

361 936 419 1010 33.
449 939 570 1008 Senex
600 949 680 1006 erat
706 957 922 1022 annorum,
953 950 997 1007 ut
1024 934 1258 1026 uidebatur,
1285 937 1326 1008 ad

311 1054 527 1152 sexaginta,
550 1053 618 1149 qui
645 1065 732 1124 ante
754 1065 829 1124 tres
856 1075 1005 1124 menses
1035 1054 1076 1124 in
1100 1051 1181 1124 boc
1204 1050 1325 1126 fuerat

312 1171 563 1256 nosocomio,
586 1193 750 1266 querens
763 1167 812 1240 de
833 1167 999 1266 spirandi
1022 1166 1279 1262 difficultate,
1295 1187 1326 1244 et

309 1285 987 1385 materiamexspuensillaudabilern.
1003 1291 1140 1364 Iseum
1168 1290 1216 1360 in
1241 1313 1323 1388 agro

310 1431 438 1505 nuper
463 1403 593 1478 fuisset
617 1407 767 1477 circiter
795 1403 880 1478 idus
911 1407 1063 1477 martias
1089 1407 1187 1477 anni
1224 1414 1323 1505 1742,

311 1539 542 1622 ventumque
555 1520 735 1622 frigidum
745 1524 965 1620 excepisset,
974 1521 1131 1598 domurn
1142 1549 1324 1614 reversus,

310 1658 429 1714 noctu
452 1642 558 1741 gravi
576 1655 775 1739 correptus
799 1655 855 1712 est
879 1642 1140 1738 respirationis
1161 1641 1323 1714 difficul-

310 1756 395 1834 tate.
405 1764 542 1858 ¹Itaque
553 1783 664 1830 mane
678 1759 718 1829 in
730 1757 831 1830 idern
845 1759 1110 1830 nosocomium
1126 1759 1323 1848 adductus,

311 1895 513 1980 postquam
539 1875 588 1948 ad
610 1877 738 1975 ignem
766 1877 951 1975 tantisper
976 1875 1212 1968 assedisset,
1243 1879 1323 1951 dum
1401 1933 1402 1966 .

311 1996 494 2072 lectulum
515 1991 781 2084 calefacerent,
798 1995 859 2066 rix
873 1995 914 2064 in
933 2019 979 2070 eo
996 2019 1035 2066 se
1051 1995 1323 2084 collocaverat,

313 2140 400 2190 cum
418 2115 472 2186 ibi
489 2115 649 2212 repente
668 2128 843 2184 mortuus
865 2127 930 2184 est.
954 2112 1129 2185 studiosa
1145 2116 1323 2210 juventus

310 2233 497 2334 postridie
511 2258 532 2303 a
548 2256 608 2304 me
624 2231 756 2329 petiit,
772 2244 816 2302 ut
831 2231 973 2302 vellem·
987 2232 1181 2328 ejusmodi
1203 2233 1323 2306 obitus

314 2374 464 2424 causam
483 2351 687 2447 inquirere.
707 2353 805 2426 Cum.
818 2349 1056 2435 annuissem,
1069 2350 1170 2446 jussi
1183 2352 1323 2424 interce

313 2467 405 2568 dum
419 2468 613 2554 uenirem,
637 2467 808 2538 cranium
833 2467 1110 2540 circumsecari.
1135 2468 1321 2546 Gadarene
1394 2460 1401 2500 ¹

312 2587 502 2684 inspecto,
515 2582 759 2680 cujushonus
768 2599 847 2658 erat
859 2583 1026 2670 habitus,
1040 2585 1150 2657 nullo
1163 2611 1320 2685 usquam

314 2727 354 2778 se
377 2700 599 2778 ostendente
625 2717 802 2790 tumore,
830 2704 904 2774 nisi
922 2703 1028 2800 quod
1051 2699 1171 2777 taetus
1191 2704 1320 2785 subtu-

313 2821 416 2892 mida
433 2835 530 2911 erat,
551 2837 588 2890 et
607 2819 845 2908 subrubeus,
861 2822 1194 2918 sunguineautem
1216 2819 1320 2895 simul

315 2954 483 3038 spectato
495 2939 563 3036 qui
580 2937 626 3008 ad
641 2961 765 3008 unam*
776 2937 1057 3036 propemodum
1071 2938 1215 3010 libram
1237 2963 1320 3039 pau·
1398 3021 1399 3032 .

312 3057 417 3128 latim
446 3054 639 3153 prodierat
661 3081 683 3126 e
704 3055 834 3126 manin
855 3057 1125 3144 circumsesso,
1147 3059 1223 3134 etsi
1248 3081 1318 3129 nor

312 3174 589 3272 negarirposse
601 3171 757 3260 fieri‚ut
769 3173 904 3246 mortis
915 3197 1024 3257 causa
1037 3175 1137 3246 intra
1150 3177 1319 3248 cranium
1398 3159 1399 3172 ἶ

313 3292 465 3378 lateret3
488 3305 615 3362 tumen
640 3291 812 3377 ostendi,
840 3289 960 3364 uideri
986 3290 1079 3362 mihi
1106 3294 1145 3363 in
1167 3291 1319 3364 thorace

252 3452 257 3455 -
311 3410 441 3508 potius
461 3433 541 3482 esse
560 3407 828 3514 querendam,
849 3433 937 3481 cum
962 3408 1066 3480 bunc
1092 3433 1227 3488 senem
1252 3410 1320 3508 spi-

252 3597 261 3616 ,
311 3526 422 3600 randi
449 3521 673 3598 difficultate
691 3525 879 3598 laborasse
902 3541 1094 3600 constaret
1113 3553 1123 3616 ;
1145 3528 1234 3600 utto
1262 3551 1319 3598 au·

309 3661 387 3719 tem
402 3642 537 3717 affectu
553 3645 688 3743 capitis
707 3669 789 3720 nnn
812 3661 1028 3720 constaret:
1057 3647 1099 3718 in
1127 3659 1210 3765 'quo
1233 3646 1316 3720 licet

312 3762 474 3833 multum
493 3762 685 3860 sanguinis
697 3763 736 3832 in
753 3763 797 3834 iis
816 3763 960 3835 restitet
972 3764 1040 3860 qui
1048 3761 1217 3842 thoracis
1228 3764 1316 3834 vitio

313 3877 575 3968 suffocantur,
601 3893 644 3950 ut
668 3879 728 3950 vel
755 3905 801 3958 er
828 3878 922 3960 [asie
948 3879 1089 3960 butum
1110 3881 1255 3969 livida,
1283 3894 1316 3950 et

314 4010 484 4070 tumente
501 3996 741 4096 intelligitur3
756 4023 836 4070 non
846 4013 1047 4097 propterea
1064 4001 1316 4076 mortiecausa
