2820 4668
186 468 253 516 nm.
281 465 319 515 11.
348 463 395 512 nn
421 459 558 512 nonnis
583 457 786 524 monton,
813 458 925 508 susm
952 460 1050 508 xxvi.
1078 437 1151 526 485

133 582 286 680 inquiri
304 577 420 663 solet,
447 575 575 647 omnia
602 571 814 645 secundum
837 586 1023 644 naturam.
1047 577 1151 648 Ven-

135 713 234 772 trem
254 722 333 770 non
352 693 554 792 attigimus.
591 725 594 734 ·

185 814 242 886 36.
259 817 368 882 Hunc
387 809 510 880 virum
532 807 563 878 si
581 805 674 877 tussi
690 803 905 877 convulsiva
921 801 1149 881 suffocatum

134 955 214 1003 esse
242 927 402 1012 dixeris,
432 949 513 996 non
544 921 660 992 modo
681 946 760 992 non
785 925 1036 1022 repugnabo,
1061 951 1151 998 cum

136 1046 269 1134 sciam,
288 1039 516 1112 invisibilem
536 1038 648 1134 hujus
667 1043 817 1110 causam
836 1039 877 1109 in
895 1065 1036 1116 nerveo
1054 1069 1150 1142 quo·

134 1163 236 1259 piam
261 1157 410 1256 ganglio
433 1155 548 1228 latere
570 1179 707 1252 posse;
743 1179 874 1226 verum
896 1159 1053 1257 insuper
1070 1185 1150 1234 esse

133 1277 237 1382 apud
247 1275 462 1346 Lancisium
482 1271 552 1370 (1)
575 1271 747 1370 exempla
767 1273 992 1346 convulsivae
1012 1279 1149 1368 tussis,

132 1419 213 1492 quae
227 1408 386 1491 repente
399 1391 574 1462 homines
591 1388 793 1479 occiderit,
813 1389 1041 1464 admonebo.
1060 1395 1148 1466 Non

130 1527 335 1610 propterea
354 1525 481 1581 tamen
511 1531 648 1578 censeo
678 1497 761 1578 esse
775 1509 934 1580 omnino
947 1507 1018 1580 tibi
1033 1513 1150 1611 negli-

132 1619 255 1726 genda
271 1652 354 1723 quae
390 1617 568 1696 adnota'vi
584 1623 624 1692 in
637 1623 773 1694 arteria
793 1647 939 1720 magna.
955 1627 1025 1697 Hic
1045 1632 1147 1701 enim

129 1745 189 1814 vir
217 1745 310 1818 tussi
335 1741 492 1839 quidem
520 1738 708 1811 obnoxius
729 1735 879 1830 iuerat,
907 1740 971 1812 sed
999 1767 1078 1814 non
1100 1771 1146 1817 eo

131 1887 217 1934 cum
228 1862 372 1959 impetu
386 1857 590 1946 adorienti',
608 1872 651 1928 ut
668 1857 837 1955 prospici
850 1871 886 1928 et
898 1857 1050 1955 praedici
1062 1885 1147 1959 pos·

131 1994 205 2067 set,
239 1974 562 2076 quemadmodum
577 1975 631 2065 ,in
653 1973 814 2046 Lancisii
838 1976 1035 2075 exemplis,
1065 1979 1144 2052 esse

131 2093 339 2194 aliquando
371 2091 658 2166 suffocaturum.
684 2091 902 2165 Videndum
929 2109 984 2166 est
1006 2087 1144 2193 igitur,
1166 2187 1170 2192 .

131 2211 225 2308 quid
254 2224 366 2280 aortae
392 2209 638 2282 inflammatio
663 2211 783 2308 possit
810 2209 857 2280 ad
882 2226 1045 2282 mortem
1077 2238 1143 2286 seu

132 2353 218 2401 cum
236 2332 343 2421 tussi,
365 2345 401 2402 et
425 2333 673 2404 convulsione
699 2329 796 2402 forte
829 2332 1033 2428 conjuncta
1074 2356 1143 2408 seu
1214 2358 1216 2362 ’

131 2471 212 2518 non
223 2449 441 2544 conjuncta,
456 2450 653 2548 inopinato
664 2429 907 2520 afferendam.
923 2450 1141 2524 Videndum

130 2580 187 2637 est
205 2581 330 2638 tamen
348 2583 458 2639 antea
473 2593 559 2666 quoe
577 2566 625 2638 ab
642 2567 826 2654 aliistunc
840 2566 1037 2640 observata
1054 2572 1140 2656 sint,

129 2704 216 2753 oum
235 2698 348 2755 aortae
362 2681 432 2756 fuit
450 2683 714 2778 inflammati03
731 2709 779 2756 ne
795 2683 891 2757 forte
909 2711 1038 2759 conos
1053 2689 1139 2759 solae

129 2793 385 2897 cogitationes
397 2801 633 2900 perducant,
656 2827 735 2902 quo
753 2801 1036 2876 observationes
1059 2829 1139 2875 non

129 2921 378 2990 consentiant.
400 2924 541 2990 Verum
557 2919 625 2990 ubi
642 2919 776 2990 Aretaei
794 2917 867 3015 (α)
887 2919 992 2990 locos
1011 2921 1139 3018 inspe-

127 3036 226 3106 xeris
248 3037 288 3107 in
316 3036 456 3134 quibus
482 3035 559 3107 hoc
582 3037 629 3107 de
656 3034 794 3106 morbo
814 3033 930 3106 verba
952 3036 1072 3126 fiunt,
1095 3053 1139 3116 ut

129 3152 233 3224 nulla
256 3153 327 3225 alia
355 3155 486 3226 subeat
508 3152 712 3240 dubitatio,
739 3165 839 3222 certe
870 3149 949 3222 haec
977 3152 1139 3247 subibit,

129 3295 223 3341 num
251 3295 296 3343 ex
323 3271 546 3345 cadaverum
572 3269 806 3368 inspectione
826 3293 868 3340 ea
886 3293 968 3366 quae
991 3267 1139 3369 profert

129 3388 233 3485 signa
245 3386 385 3462 fuerint
395 3387 627 3462 confirmata.
642 3387 700 3460 Ab
709 3387 789 3484 ejus
802 3412 893 3458 vero
902 3388 950 3459 ad
959 3405 1136 3462 nostrum

128 3523 277 3608 tempus
289 3509 357 3608 qui
369 3507 443 3580 hoc
456 3504 596 3596 fecerit,
610 3505 704 3577 mihi
719 3505 875 3604 quidem
887 3507 1135 3606 inpraesentia

146 3835 148 3839 ,
168 3789 212 3868 (ι)
232 3795 277 3849 ne
291 3758 473 3851 suiitmort.
490 3795 510 3849 1.
526 3810 560 3864 α,
576 3813 601 3850 0.
618 3793 669 3862 18,
688 3809 720 3847 n.
735 3792 763 3848 3.
838 3767 841 3772 ’

168 3889 212 3968 (2)
232 3893 278 3948 De
289 3912 369 3950 caus.
385 3907 414 3953 et
426 3895 500 3973 sign.
512 3892 612 3952 morl).
626 3901 705 3950 aeut.
717 3892 738 3948 l.
754 3907 771 3949 α
779 3929 789 3964 ,
811 3909 839 3948 c.
853 3888 887 3964 8,
903 3901 933 3950 et
950 3891 988 3950 de
999 3896 1137 3953 eorumd.

128 4001 222 4050 curat.
235 3993 254 4049 l.
269 4011 302 4065 2,
317 4013 342 4052 n
357 4015 385 4068 7.
