2824 4668
281 398 352 489 344
450 421 496 468 nn
523 377 670 466 senmns
696 417 740 464 nr
767 413 892 464 cins1s
918 413 1130 465 nonnonnu

282 535 473 618 lueretur,
493 556 532 604 se
542 547 677 604 tamen
698 529 803 600 nullo
820 527 934 600 modo
951 529 1171 620 concedere,
1181 528 1280 628 poly-

274 677 371 753 pum
384 675 530 722 omnem
539 663 632 746 post
644 645 958 732 mortemdemum
959 649 1133 738 formari
1137 674 1151 734 ;
1163 671 1280 718 verunt

283 772 395 842 etiam
414 768 460 840 de
480 768 628 866 polypis
645 765 776 838 eadem
797 761 873 836 fere
892 789 975 862 quae
992 766 1134 852 caeteri,
1151 787 1280 836 asseve-

280 901 401 972 raret3
430 909 568 982 nempe
588 907 649 955 eas
672 903 766 979 quas
786 879 937 978 subjicit
957 880 1029 978 (t),
1053 881 1218 954 rationes
1235 881 1280 952 sui

284 1000 380 1076 facti
397 1001 651 1101 produceret:
674 1023 802 1098 eaeque
826 999 898 1096 ipsi
923 997 970 1070 ad
994 999 1134 1094 justam
1148 1021 1281 1070 excusa·

282 1122 427 1193 tionem
453 1117 642 1204 valerent,
665 1131 709 1186 ut
739 1141 822 1214 quae
842 1114 889 1187 ab
908 1117 1061 1188 nemine
1083 1114 1279 1188 fuerantin

284 1237 561 1309 dubitationem
576 1248 724 1307 vocatae.
746 1233 864 1306 Nobis
886 1257 977 1306 vero
998 1233 1133 1306 iisdem
1155 1233 1281 1306 utenti-

268 1355 380 1444 sbus,
401 1379 483 1452 quae
505 1353 658 1424 daretur
675 1353 786 1423 venia
800 1352 815 1422 Ρ
828 1351 1111 1450 postquam'illae
1131 1353 1234 1450 ipsae,
1248 1365 1282 1422 ut

286 1469 470 1570 supra—(o)
484 1470 739 1557 ostendimus,
755 1469 850 1540 adeo
869 1484 955 1541 sunt
967 1493 989 1538 a
1006 1473 1113 1540 Pasta
1129 1468 1281 1540 infirmae

282 1604 341 1662 tae.
358 1587 471 1680 Quod
489 1590 518 1661 si
536 1588 616 1660 aliis
632 1587 703 1658 niti
720 1585 881 1659 velimus
898 1585 1131 1674 rationibus,
1149 1601 1282 1684 utputa

285 1708 330 1778 iis
349 1730 442 1804 quas
455 1705 555 1803 apud
572 1705 718 1802 aliquos
736 1703 894 1802 legeris,
911 1703 959 1774 ad
978 1703 1143 1802 polypos
1164 1704 1279 1776 saltem
1370 1691 1371 1696 ἵ

286 1824 372 1896 illos
400 1822 642 1922 excipiendos
666 1823 733 1920 qui
761 1821 1059 1894 ventriculorum
1086 1820 1280 1920 parietibus

287 1937 1281 2032 ndhaerent,ettendineisvalvu‚lar11msinemit'ralium

287 2061 363 2132 sive
382 2057 631 2157 tricuspidum
643 2055 790 2128 fibrillis
800 2055 1058 2154 implicantur,
1071 2073 1139 2130 aut
1152 2056 1278 2155 quidu·
1370 2095 1371 2104 κ

285 2177 371 2247 ritie
391 2191 427 2248 et
446 2175 677 2246 firmitudine
698 2199 741 2246 ea
760 2188 865 2262 sunt,
894 2189 936 2246 ut
953 2173 1077 2272 digitis
1099 2188 1278 2273 nequeant

288 2291 461 2380 dissolvi,
481 2316 601 2389 eoque
622 2291 821 2364 ostendant
840 2315 878 2364 se
901 2315 998 2390 opus
1016 2315 1096 2364 esse
1119 2291 1279 2374 nonbre·
1370 2323 1371 2326 ¹

286 2409 429 2479 nissimi
440 2410 644 2506 temporis;
663 2408 730 2481 has
743 2396 897 2507 quoqne
915 2411 1019 2480 Pasta
1032 2408 1086 2506 (3)
1096 2409 1278 2508 occupavit
1370 2487 1371 2516 ¹

290 2526 540 2624 exceptiones.
556 2529 648 2598 Nam
662 2526 765 2625 quod
785 2526 832 2597 ad
851 2526 1028 2598 duritiem
1041 2542 1079 2598 et
1092 2525 1278 2599 firmitudi·
1370 2585 1371 2604 ,

289 2667 378 2712 nem
401 2643 553 2731 attinet,
574 2657 845 2715 commemorat
863 2658 1010 2741 quantae
1027 2644 1219 2716 interdum
1239 2667 1278 2714 eae
1370 2723 1371 2746 χ

290 2760 365 2832 sint
384 2761 422 2830 in
441 2775 563 2832 crusta
585 2761 776 2858 sanguinis
795 2787 815 2832 e
839 2785 934 2832 vena
957 2761 1103 2850 emissi,
1124 2777 1162 2834 et
1180 2783 1277 2860 quam
1370 2755 1371 2776 ¹

289 2876 396 2949 brevi
420 2895 590 2978 tempore
610 2877 687 2948 haec
708 2879 892 2978 gignatur.
918 2881 974 2950 De
993 2877 1206 2951 adhaesione
1225 2902 1279 2949 an·

289 3008 366 3066 tem
386 2995 433 3066 ad
451 2983 749 3066 ventriculorum
771 2975 1120 3098 parietesaffirmat
1144 2995 1279 3094 sangui·
1370 2971 1371 3034 l

289 3136 403 3202 nem,
423 3114 454 3185 si
473 3113 597 3184 cordis
620 3112 774 3184 bubulis
791 3112 1010 3186 ventriculis
1024 3113 1111 3185 loco
1128 3115 1222 3186 vasis
1236 3113 1279 3182 vi·

288 3231 361 3300 trei
385 3232 611 3328 excipiatur,
629 3230 748 3302 'modo
768 3231 923 3302 materia
950 3255 1055 3330 aeque
1082 3246 1218 3304 scateat
1242 3251 1279 3301 ex

291 3370 367 3443 qua
383 3344 425 3417 fit
443 3363 581 3438 crusta,
600 3373 678 3422 non
698 3373 804 3422 secus
820 3347 1008 3419 adhaerere
1024 3373 1156 3420 eorum
1177 3348 1280 3448 parie-

291 3463 394 3536 tibus
418 3489 531 3562 quam
551 3466 681 3564 polypi
707 3466 870 3538 soleant:
889 3464 993 3562 quod
1010 3466 1109 3538 etde
1126 3467 1279 3566 implica·

329 3777 374 3855 (1)
396 3783 476 3848 5¹4·

329 3875 373 3954 (a)
394 3879 432 3935 tt.
450 3897 498 3954 ²9·

330 3975 374 4055 (3)
395 3980 432 4036 N.
449 3997 495 4036 ao.
