2850 4668
301 495 344 541 ιο
462 497 508 541 nn
535 491 680 542 surinus
706 492 750 538 cr
775 488 899 538 causis
924 489 1134 537 monacnum

296 606 509 704 exemplum
525 604 642 678 babes
660 606 699 674 in
713 602 866 676 duobus
883 601 1052 692 senibus,
1067 623 1233 700 quorum
1251 602 1305 674 al·

173 791 175 796 .
294 738 419 795 terum
442 726 482 794 iu
497 727 549 795 VI
562 722 637 820 (ι),
656 721 817 794 alterum
836 721 876 822 in
893 724 945 790 XI
968 721 1022 818 (a)
1043 719 1200 819 epistola
1220 717 1302 792 des·

294 843 418 940 cripsi.
433 841 592 938 Utrique
603 855 682 912 erat
696 839 891 938 pulmonis
903 837 1159 939 inflammatio.
1169 837 1241 910 Sed
1250 817 1314 909 al-¹

292 975 351 1030 ter
368 958 626 1056 semi-sopitus
643 957 834 1030 actardus
852 957 899 1028 ad
916 955 1226 1055 intelligendum,
1242 955 1304 1026 vel

292 1092 375 1150 tum
394 1075 622 1175 negabatse
643 1075 844 1148 molestum
868 1075 1063 1174 quidpiam
1084 1075 1125 1145 in
1146 1074 1304 1147 thorace

293 1195 443 1283 sentire,
453 1218 538 1265 cum
550 1193 662 1266 etiam
672 1209 753 1266 tum
766 1195 961 1293 percipere
972 1194 1133 1264 maxima
1145 1206 1302 1291 exparte

292 1311 493 1385 debuisset.
512 1311 616 1384 Alter
632 1337 723 1384 vero
741 1339 786 1384 ex
803 1312 1001 1412 apoplexia
1017 1311 1306 1410 hemiplecticus

292 1431 358 1528 qui
369 1444 447 1501 tota
463 1431 635 1529 corporis
646 1445 752 1530 parte
763 1430 916 1502 dextera
926 1429 1022 1500 nihil
1035 1429 1208 1518 sentiret,
1222 1451 1303 1499 non

291 1550 451 1636 mirum,
469 1549 499 1620 si
516 1548 730 1646 pulmonis,
749 1547 796 1620 ab
809 1548 872 1619 illa
885 1546 1016 1619 eadem
1033 1560 1138 1644 parte
1159 1544 1304 1616 inflam-

289 1666 402 1754 mati,
418 1667 568 1738 nullum
585 1692 741 1765 prorsus
753 1666 912 1739 haberet
925 1689 1087 1737 sensum.
1102 1663 1305 1761 Reliquum

291 1797 363 1870 est,
382 1796 425 1854 ut
444 1783 545 1855 idem
568 1811 589 1855 a
613 1785 805 1884 pulmonis
831 1783 1017 1882 pleuraevc
1044 1806 1197 1853 annexae
1215 1781 1305 1852 laxi·

290 1913 365 1970 tate
379 1923 490 1997 posse
507 1899 608 1990 ficri,
627 1901 801 2000 exemplo
820 1900 994 1973 indicem.

337 2042 372 2114 9.
401 2019 574 2115 Agricola
598 2045 719 2092 annos
740 2034 851 2092 natus
870 2019 917 2090 ad
937 2018 1090 2116 triginta
1112 2016 1302 2114 quinque,

290 2157 378 2204 cum
398 2159 444 2204 ex
462 2135 538 2206 alto
554 2135 711 2225 cadens,
731 2137 928 2208 dexterum
945 2136 1041 2208 latus
1058 2134 1305 2224 contudisset,

288 2251 329 2320 in
348 2253 586 2332 Bononieuse
613 2256 646 2322 S.
671 2256 796 2324 Mariae
820 2254 868 2326 dc
889 2268 1012 2326 morte
1041 2254 1303 2326 nosocomium

289 2383 468 2466 exceptus
482 2365 613 2440 fuerat.
632 2373 834 2468 Postquam
853 2371 1049 2444 curatione
1067 2396 1150 2468 quac
1166 2395 1304 2442 conve·

288 2483 433 2574 niebat,
450 2485 618 2558 adhibita
629 2540 639 2575 ,
651 2504 688 2559 et
702 2490 898 2588 respiratio
912 2505 949 2562 et
961 2504 1092 2562 caetera
1103 2489 1189 2562 satis
1201 2503 1303 2560 recte

290 2627 328 2674 se
348 2602 556 2692 habebant,
570 2605 726 2704 jamque
745 2607 862 2680 homo
883 2607 1130 2680 dimittendus
1151 2605 1303 2678 videba-

289 2736 366 2808 tur,
381 2723 540 2820 coepitis
559 2749 657 2821 pane
673 2726 830 2824 aliisque
850 2729 982 2800 crassis
999 2727 1187 2798 alimentis
1206 2725 1303 2796 clam

290 2861 328 2910 se
346 2838 442 2910 adeo
459 2840 708 2940 ingurgitare,
723 2846 815 2916 utin
833 2845 1028 2917 ardentem
1047 2841 1191 2916 febrem
1210 2843 1303 2914 inci·

290 2956 405 3046 derit,
427 2983 516 3029 mox
535 2962 647 3032 etiam
661 2963 700 3032 in
717 2964 887 3061 spirandi
904 2961 1175 3051 difficultatem,
1188 2985 1303 3059 quam

289 3075 416 3147 nullus
433 3091 559 3148 tamen
580 3080 831 3154 comitabatur
844 3081 1011 3154 thoracis
1040 3080 1160 3152 dolor.
1176 3077 1304 3150 Admi-

290 3194 445 3264 nistrata
468 3210 556 3266 sunt
584 3223 666 3294 quaa
694 3199 853 3273 morbus
876 3200 1070 3297 requirere
1092 3195 1305 3282 videbatur,

289 3310 389 3380 inter
404 3335 487 3408 quae
500 3338 594 3402 una,
611 3330 724 3414 atque
739 3317 855 3389 altera
871 3317 1064 3415 sanguinis
1077 3314 1216 3388 missio.
1230 3311 1304 3384 Sed

289 3424 425 3498 frustra
438 3431 575 3513 omnia.
585 3436 680 3504 Nam
695 3435 839 3530 jacens,
853 3450 895 3506 ut
909 3433 1066 3523 solebat,
1082 3434 1122 3504 in
1132 3431 1303 3517 dorsum,

290 3560 327 3616 et
346 3561 521 3636 stertens,
541 3564 578 3620 et
592 3551 780 3650 pulsibus,
794 3553 861 3650 qui
873 3551 1000 3650 magui
1015 3566 1125 3622 antea
1135 3547 1303 3634 fuerant,

288 3661 465 3753 vibratis,
486 3681 524 3736 et
540 3663 852 3766 frequentissimis
867 3695 953 3742 cum
970 3693 1039 3769 per
1052 3667 1133 3740 haec
1149 3665 1305 3738 ultimos

330 3947 432 4025 (or-
455 3967 500 4005 12·
553 4025 555 4030 ,

330 4047 432 4125 (arn.
454 4050 498 4105 ra.
