2808 4664
129 465 195 512 nr.
223 464 262 512 11.
290 464 337 510 ur
362 462 496 511 morsis
521 461 711 528 rnomcrs,
737 465 847 514 srrsr.
874 465 977 514 xxm.
1006 447 1077 540 249

75 583 206 674 Longe
220 577 320 648 enim
333 575 434 646 aliud
453 590 507 648 est
528 581 687 647 excitari
698 601 831 674 posse,
844 591 889 650 dc
906 603 1074 650 necessa·

79 697 140 765 rio
163 695 324 765 excitari.
347 697 517 784 Quorum
538 693 632 782 hoc,
648 719 726 764 non
745 693 863 782 illud,
880 694 989 768 nobis
1006 697 1078 766 ini·

75 836 253 884 nuscum
273 835 363 884 vero
389 811 599 884 consentire
620 813 659 882 in
682 837 722 884 re
743 813 937 909 proposita
955 813 1077 886 visum

75 928 163 1024 est(
194 928 218 1024 ).

127 1051 185 1134 24.
200 1050 250 1116 Te
267 1045 398 1142 saepius
415 1045 588 1116 miratum
606 1067 685 1116 esse
705 1069 784 1116 non
807 1044 961 1132 dubito,
978 1043 1077 1117 hanc

76 1162 274 1262 epistolam
303 1161 552 1260 relegentem,
575 1160 680 1258 quod
708 1187 895 1260 nusquam
922 1163 1078 1234 moniti

38 1309 41 1318 ⁴
75 1278 382 1352 animadverteris
392 1277 934 1368 observationibus,doctrina,
949 1294 1078 1350 aucto-

76 1399 189 1468 ritate
208 1397 334 1468 eximii
351 1395 537 1468 Archiatri
549 1397 709 1485 Senecii,
729 1399 835 1494 quasi
855 1397 901 1468 de
921 1397 1079 1494 palpita-

76 1519 183 1586 tione
203 1513 326 1586 cordis
349 1513 443 1585 nihil
461 1515 683 1612 scripsisset,
703 1529 767 1586 aut
784 1515 896 1610 longe
911 1511 983 1583 ¹alia
1008 1515 1079 1612 ipsi

76 1656 120 1702 ac
135 1630 230 1702 mihi
251 1631 435 1704 sententia
447 1646 552 1704 esset.
572 1632 640 1701 Ille
658 1656 748 1702 vero
766 1629 812 1700 de
830 1656 872 1702 ea
889 1645 945 1700 tot
963 1633 1079 1728 scrip-

78 1749 153 1836 sit,
183 1764 219 1819 et
244 1773 313 1846 ego
336 1772 418 1844 quse
444 1747 502 1820 his
519 1741 650 1818 litteris
675 1745 947 1842 comprehensa
971 1746 1018 1816 ad
1044 1761 1080 1816 te

76 1866 273 1952 miseram,
288 1888 374 1934 cum
398 1863 471 1935 illis
487 1861 563 1934 lere
585 1863 712 1934 inveni
730 1861 824 1932 adeo
842 1864 1081 1934 consentien-

8 2055 9 2060 ,
77 1984 150 2070 tia,
167 1996 210 2052 ut
227 1996 399 2079 praestare
419 1981 630 2052 censuerim
648 1979 710 2074 hic
731 1979 861 2068 semel,
881 1977 945 2052 sed
968 1978 1080 2076 paulo

7 2139 13 2182 :
77 2095 222 2186 fusius,
245 2096 291 2168 de
309 2098 391 2194 ipso
411 2096 554 2184 dicere,
574 2122 687 2194 quam
710 2099 850 2169 centies
872 2096 994 2168 obiter
1018 2120 1084 2166 no·

7 2256 14 2300 :
77 2218 238 2286 minare.
261 2215 298 2284 Si
311 2228 430 2285 totum
447 2215 578 2312 igitur,
601 2215 704 2312 quod
726 2215 772 2286 de
799 2213 870 2285 hac
890 2213 1014 2286 cordis
1031 2211 1083 2284 al·

9 2411 11 2418 ,
79 2331 247 2405 sectione
265 2332 486 2429 conscripsit
505 2346 617 2428 caput
631 2331 705 2427 (1),
723 2346 760 2403 et
782 2355 862 2428 quae
880 2330 969 2402 alibi
986 2355 1082 2428 quo÷

9 2509 12 2528 ,.
81 2471 161 2548 que
181 2450 315 2547 attigit,
329 2473 407 2520 non
423 2449 576 2536 cursim,
596 2447 660 2520 sed
676 2462 837 2536 attento,
851 2463 893 2520 ut
915 2472 983 2546 par
1009 2461 1082 2536 e'st,

10 2615 17 2655 p
79 2567 208 2638 animo
229 2566 451 2665 perlegerim
464 2567 630 2664 primum
650 2591 731 2664 quae
750 2566 797 2638 de
819 2566 937 2638 causis
957 2565 1080 2664 palpi-

14 2947 18 3010 ss
120 2959 160 3038 (*)
180 2961 229 3018 Ad
243 2961 324 3018 band
338 2957 572 3034 confirmandum
590 2961 805 3018 dubitationem
826 2979 915 3035 quam
934 2961 983 3015 hic
997 2959 1084 3014 affert

15 3081 20 3126 ς
81 3057 1085 3138 Morgagnus‚antotiespalpitatioinveniaturquotiespericardium

16 3201 21 3244 ξ
83 3160 165 3216 cordi
178 3160 323 3231 adhaeret,
337 3162 474 3218 solertem
483 3161 621 3218 nostratis
631 3159 812 3218 celeberrimi
821 3160 909 3215 Doct.
922 3156 1086 3215 Gorvisarti

17 3333 18 3348 χ
84 3261 294 3334 experientiam
315 3261 478 3318 citabimus.
503 3261 683 3362 Quiqpidem
702 3263 829 3330 Ductor,
847 3259 958 3333 ubique
977 3269 1005 3314 et
1021 3276 1085 3314 me-

85 3358 143 3414 rito
160 3361 200 3416 ob
218 3359 387 3416 utilissimas
403 3361 440 3418 de
457 3361 536 3416 illius
553 3361 674 3417 visceris
691 3359 900 3417 allectionibus
916 3357 1085 3436 indagatio-

18 3437 22 3478 ⁵
85 3475 134 3514 nes
148 3460 299 3527 laudatus,
312 3459 537 3517 affirmatissime
549 3461 652 3518 scribit
666 3479 696 3516 se
709 3479 862 3533 nunquam
875 3459 1084 3534 palpitationes

86 3555 116 3611 in
130 3559 290 3633 pericardii
303 3561 385 3617 cordi
394 3557 611 3618 adhaesionibus
622 3556 864 3634 deprehendisse,
877 3571 906 3615 et
922 3579 975 3616 cur
991 3560 1085 3613 nullas

20 3647 24 3714 ᾗ
87 3655 310 3732 deprehenderit
323 3660 432 3717 diserte
444 3662 579 3736 explicat.
597 3659 693 3738 (Vide
704 3679 780 3735 opus
795 3662 843 3718 cui
857 3660 961 3716 titulus
981 3655 1086 3714 inscri-

87 3753 165 3813 bitur
179 3779 185 3812 :
201 3760 289 3814 Essai
300 3779 350 3814 sur
364 3762 405 3814 les
415 3762 560 3815 maledics
571 3772 601 3816 et
613 3761 719 3816 le'siom
728 3761 900 3860 organpques
912 3760 951 3811 du
964 3776 1043 3811 coeur
1058 3765 1088 3808 et

22 3857 25 3872 '
89 3854 137 3910 des
146 3877 213 3932 grus
222 3859 382 3914 causeam
392 3898 402 3926 ,
411 3859 510 3932 pars.
525 3859 564 3915 Ν.
577 3857 728 3915 Corvt'sart.
738 3861 840 3926 Pans,
859 3855 962 3928 1811.)

128 3994 169 4073 (r)
190 3997 288 4056 Traite'
303 3999 345 4056 du
357 4015 452 4071 coeur,
466 3999 487 4054 l.
508 4003 540 4068 l,
557 3994 602 4054 ch.
622 4017 667 4054 11.
