2850 4668
294 373 338 446 32
460 397 507 443 nn
533 392 678 443 sumnus
703 393 747 440 ar
773 391 896 442 causis
921 391 1129 445 monacnum

292 509 484 582 densiores
498 505 630 594 factas,
642 504 690 576 ab
705 529 803 604 aqua
814 504 955 580 fiebant
973 505 1161 582 subflava.
1152 535 1297 609 .quam

290 625 396 700 facile
413 627 502 698 illuc
534 649 578 696 ex
605 623 773 720 disrupta
794 622 971 722 hydatide
994 623 1152 700 effusam
1181 625 1298 703 fuisse

263 745 441 830 censui,
462 767 547 812 cum
568 738 681 836 hujus
696 739 790 810 mihi
804 737 953 814 viderer
972 742 1148 841 reliquias
1161 770 1298 844 agnos-

294 887 378 934 cere
395 862 435 929 in
454 859 609 957 parvula
626 857 787 956 quadam
812 859 919 954 quasi
939 861 1120 951 vesicula,
1149 865 1300 953 crassis,

293 995 336 1050 ut
354 980 384 1050 si
402 979 585 1048 contracti
602 977 642 1046 in
663 1001 701 1048 se
721 972 897 1058 fuissent,
920 978 1126 1082 parietibus
1145 977 1300 1071 effecta,

262 1159 266 1168 .
293 1111 567 1197 proptereaque
575 1096 650 1190 jam
665 1093 946 1192 propemodum
957 1095 1087 1185 solida,
1098 1099 1301 1197 carneique

296 1213 434 1286 coloris
451 1240 459 1281 :
476 1237 518 1285 ea
535 1236 603 1309 per
618 1211 874 1308 pedunculum
892 1210 1154 1311 ab‘albuginea
1171 1216 1302 1288 tunica

295 1333 498 1434 pendebat,
517 1358 591 1430 qua
605 1331 683 1403 haec
705 1355 823 1430 prope
842 1333 1021 1428 majorem
1036 1334 1303 1432 epididymidis

297 1451 452 1550 globum
469 1466 638 1522 ventrem
654 1449 816 1520 testiculi
828 1452 1028 1538 convestit3
1045 1475 1158 1548 quam
1177 1454 1303 1524 omni-

296 1594 348 1642 no
364 1569 490 1641 sedem
506 1583 585 1639 tum
600 1591 683 1663 quae
693 1566 868 1655 dextere,
883 1582 961 1638 tum
978 1593 1061 1665 quae
1075 1569 1227 1642 sinistro
1238 1569 1304 1642 ad·
1398 1655 1400 1664 ,

296 1703 383 1758 nata
400 1691 480 1757 e'rat
497 1685 602 1772 testi,
618 1684 781 1756 vesicula
799 1684 996 1756 obtinebat
1011 1689 1025 1782 l
1033 1687 1076 1783 t).
1096 1687 1304 1760 Canaliculi

298 1779 366 1902 qui
382 1803 515 1875 semini
531 1799 781 1889 elaboranda,
795 1801 859 1872 sed
871 1803 991 1874 multo
1002 1806 1210 1902 magisvasa
1220 1831 1304 1904 quae

297 1921 471 2019 sanguini
483 1918 679 1991 evehendo
689 1919 1057 2018 inserviunt,praeter
1069 1945 1213 1994 morem
1230 1948 1306 1996 am·

296 2040 360 2140 pla
375 2053 499 2126 erant3
513 2052 556 2108 ut
570 2037 744 2108 varicosae
760 2037 870 2106 etiam
883 2035 1021 2110 herniae
1039 2041 1144 2137 quasi
1155 2042 1305 2114 initium

296 2156 489 2254 quoddam
505 2155 683 2250 utrinque
706 2179 785 2226 esse
801 2154 1011 2244 videretur,
1035 2183 1055 2228 a
1075 2160 1215 2231 caeteris
1233 2185 1304 2258 po-

296 2274 369 2344 tius
388 2272 548 2352 herniis,
565 2296 677 2368 quam
690 2270 736 2344 ab
748 2270 912 2345 hominis
928 2274 1113 2348 salacitate
1127 2291 1303 2374 repeten·
1331 2295 1333 2300 ’
1412 2263 1413 2270 ¹

298 2390 408 2478 dum,
433 2390 572 2487 quippe
602 2390 664 2460 cui
693 2391 771 2466 sine
804 2389 882 2460 ullo
915 2396 1106 2490 praegressi
1132 2419 1302 2492 unquam

298 2506 424 2580 morbi
443 2507 598 2604 vestigio
614 2509 838 2605 praeputium
858 2531 937 2579 non
955 2535 1061 2584 secus
1079 2512 1175 2584 ultra
1201 2513 1305 2610 glan-

297 2625 385 2698 dem
404 2623 622 2696 adstrictum
641 2640 752 2710 esset,
779 2651 821 2695 ac
840 2627 879 2696 in
897 2627 1027 2723 probis
1044 2628 1305 2702 adolescentu-

297 2743 343 2820 lis
360 2743 568 2831 invenitur,
586 2743 651 2840 qui
665 2742 828 2814 necdum
839 2743 953 2818 ullam
970 2751 1118 2836 veneris
1133 2750 1306 2822 notitiam

300 2860 513 2932 habuerint.
556 2937 562 2956 ,
1195 2879 1197 2884 ’

349 3004 405 3051 20.
433 2980 522 3068 Quae
536 2978 575 3047 in
591 2977 735 3075 prolixa
745 2976 901 3050 historia
911 2980 1050 3076 legisti,
1067 3007 1146 3052 non
1158 2985 1304 3074 omnia,

256 3094 261 3106 '
299 3111 343 3168 ut
359 3095 483 3184 vides,
496 3093 544 3164 ad
558 3093 660 3166 hunc
678 3097 837 3166 attinent
852 3097 998 3183 locum;
1014 3114 1137 3172 tamen
1151 3102 1304 3192 omnia,

299 3228 343 3284 ut
357 3211 433 3284 fere
451 3211 573 3299 soleo,
589 3212 700 3283 simul
716 3215 939 3312 conscripsi,
961 3240 1008 3288 ne
1030 3244 1113 3313 quae
1128 3216 1305 3290 observa-

299 3332 402 3402 tione
416 3329 618 3424 conjuncta
628 3327 752 3416 fuere,
767 3327 1030 3416 obscurarem,
1046 3336 1075 3404 si
1089 3338 1305 3414 narratione

301 3447 516 3520 dividerem.
543 3451 595 3516 Ex
618 3448 662 3518 iis
686 3473 767 3544 quae
791 3447 866 3518 huc
886 3463 1075 3545 spectant,
1093 3451 1248 3523 fuerunt
1267 3455 1306 3524 in

301 3566 450 3652 vivente
474 3562 565 3634 albae
581 3564 652 3634 illae
674 3566 782 3662 quasi
798 3564 988 3662 polyposae
1014 3569 1307 3666 particulaequae

338 3931 382 4011 (ι)
402 3933 470 3994 vtd.
486 3933 579 4011 Epist.
594 3933 650 4009 43,
665 3953 695 3992 n.
714 3934 749 3996 16
762 3947 865 4016 etseq.
