2850 4668
271 477 292 524 Ω
435 473 482 522 nn
509 471 656 547 suntnus
682 471 725 553 ΕΤ
750 472 875 522 CAUSIS
901 473 1111 528 MORBORUM

269 586 394 662 cordis
405 587 627 660 membrana
645 585 744 658 laevis
763 603 800 660 et
814 589 960 686 integra
984 611 1022 662 se
1039 591 1228 693 ostendit(
1254 595 1278 694 ).

267 707 445 780 Interiori
453 699 608 804 quoque
617 701 723 776 faciei
735 706 935 803 pericardii
946 706 1188 784 adhaerebant
1197 738 1281 785 con-

267 825 454 898 cretiones
472 823 569 912 aliae,
582 847 603 893 a
618 819 810 921 prioribus
828 847 985 920 prorsus
1002 827 1196 924 sejunctae,
1214 833 1279 904 sed

266 943 435 1038 ejusdem
460 942 628 1040 generis;
650 956 692 1012 ut
718 937 826 1012 facile
851 941 1074 1037 conjicereS,
1101 962 1279 1047 utrasque

266 1062 409 1159 pariter
426 1086 471 1132 ex
489 1058 754 1148 crassioribus,
768 1085 851 1158 quae
862 1058 909 1130 ab
919 1059 982 1133 illa
993 1086 1089 1166 aqua
1109 1068 1279 1140 secessis-

266 1191 368 1264 sent,
387 1176 582 1276 particulis
601 1175 794 1248 coaluisse.
817 1181 862 1248 Iu
889 1175 1016 1249 cordis
1035 1183 1278 1273 ventriculis,

265 1310 303 1370 et
318 1295 486 1368 auricula
498 1294 650 1368 dextera
664 1319 808 1394 magnac
823 1293 934 1384 albae,
950 1321 1021 1368 nec
1038 1295 1218 1378 firmioris
1229 1317 1280 1374 ta-

263 1437 352 1484 men
362 1427 588 1502 structurae,
609 1414 871 1486 concretiones
891 1413 1096 1513 polyposae.

311 1536 356 1604 In
372 1529 466 1605 sellis
478 1531 641 1603 vesicula
652 1531 786 1603 calculi
796 1529 873 1602 duo
884 1531 1002 1630 nigri,
1014 1534 1066 1605 sic
1077 1534 1165 1607 satis
1174 1534 1277 1625 duri,

260 1647 311 1722 ad
321 1649 411 1722 cubi
427 1647 833 1738 formamaccedentes,
846 1649 983 1748 impari
993 1653 1276 1750 magnitudine,

264 1769 329 1842 sed
348 1782 484 1840 neuter
501 1793 627 1866 parva.
1110 1846 1113 1856 ¹

312 1885 343 1958 3.
372 1887 556 1958 Juvenem
574 1901 766 1975 torosum,
790 1909 912 1958 annos
938 1901 1070 1959 natum
1092 1885 1293 1962 duodevi-·

262 2003 376 2102 giuti,
396 2027 511 2101 quem
525 2003 693 2076 Venetiis
709 2005 808 2074 intra
825 2018 913 2074 octo
930 2005 1081 2076 circiter
1107 2005 1187 2079 dies
1207 2032 1275 2106 pe-

259 2121 528 2218 ripneumonia
541 2119 760 2209 sustulerat,
774 2120 884 2190 amici
897 2121 971 2190 mei
984 2123 1055 2191 viri
1070 2121 1202 2195 doctia
1215 2149 1275 2202 me

189 2323 196 2340 ⁹
216 2287 225 2293 ‚
257 2238 470 2337 petierunt,
490 2252 532 2308 ut
549 2259 786 2335 persecarem
806 2260 937 2310 mense
958 2238 1151 2312 decembri
1169 2265 1273 2312 anno

263 2355 379 2454 1708,
400 2355 530 2426 multo
559 2355 677 2452 magis
697 2369 740 2426 ut
758 2379 841 2452 quae
869 2356 1077 2428 secundum
1097 2371 1271 2428 naturam

257 2489 401 2563 essent,
422 2473 604 2570 pleraque
617 2471 834 2571 diligentius
845 2489 1140 2571 cognoscerent,
1156 2499 1272 2572 quam

258 2608 303 2666 ut
322 2618 405 2690 quae
432 2591 479 2662 ad
498 2589 678 2662 morbum
706 2591 922 2664 attinerent.
944 2591 1002 2666 Ad
1023 2589 1127 2662 hunc
1146 2607 1272 2665 tamen

259 2736 343 2811 quae
357 2723 590 2809 spectarent,
607 2707 687 2780 haee
705 2708 971 2794 demonstrari.
990 2709 1123 2781 Pulmo
1141 2709 1273 2782 dexter

251 2830 397 2917 arctius
416 2827 587 2926 undique
619 2827 834 2901 adhaerebat
858 2828 1002 2900 viciuiae
1029 2853 1098 2927 per
1117 2843 1272 2900 tenuem

255 2946 462 3047 quamdam
479 2945 754 3018 membranam.
773 2945 950 3042 Ejusdem
970 2946 1144 3044 superior
1159 2944 1271 3019 lobus

252 3065 480 3154 durissimus
499 3066 835 3164 gravissimusque,
853 3065 998 3162 quippe
1025 3087 1073 3134 ex
1094 3062 1271 3136 substan·

253 3187 308 3254 tia
328 3183 449 3281 hepar
473 3181 680 3271 referente,
711 3207 824 3280 quam
854 3197 892 3254 et
912 3205 999 3278 pars
1017 3180 1165 3276 reliqua
1187 3181 1269 3275 ejus

254 3301 468 3401 pulmonis,
494 3316 531 3373 et
555 3302 696 3373 sinistri
719 3325 807 3398 pars
827 3300 988 3370 maxima
1006 3296 1270 3394 quadantenus

251 3420 518 3493 ostendebant.
530 3424 574 3490 In
585 3422 736 3494 sinistro
752 3417 918 3494 thoracis
928 3440 1023 3508 cavo
1031 3439 1132 3512 aqua
1140 3415 1270 3505 multa,
1378 3413 1382 3420 ’

251 3564 375 3635 eaque
404 3552 577 3624 cruenta,
606 3553 645 3610 et
670 3538 780 3636 quasi
805 3536 1022 3635 nigricans3
1054 3533 1268 3629 cujusmodi

250 3679 367 3750 aqua,
381 3677 452 3724 uec
466 3677 607 3750 pauca,
621 3657 660 3725 in
672 3653 885 3754 pericardio
897 3677 1055 3752 quoque
1071 3667 1161 3724 erat.
1175 3656 1267 3722 Corr

253 3772 311 3844 dis
340 3770 547 3842 auriculam
564 3772 777 3862 dexteram,
799 3769 906 3845 facile
928 3772 1105 3846 videlicet
1130 3769 1265 3840 ceden-

292 4031 337 4137 (ι’)
357 4057 427 4115 vu.
440 4057 535 4134 Epist.
551 4055 603 4130 25,
619 4078 648 4115 n.
661 4066 708 4128 24.
