2958 4672
208 469 278 523 mr.
306 475 346 522 11.
375 475 421 522 nn
448 473 942 541 uona1srnonncrs,nmsr.
973 481 1048 528 xxi.
1104 461 1152 556 93

134 587 248 660 modo
267 592 507 685 inquinatam
515 585 681 660 offendit.
690 589 1018 678 Quemadmodum
1029 609 1153 668 autem

137 705 1154 807 cumsupra(1)ostenderemampliorum,graviorum·

138 849 211 921 que
236 823 378 920 pleurae
395 821 608 908 laesionum,
632 822 698 893 ubi
723 824 813 896 salvi
832 825 1034 922 pulmones
1056 831 1152 920 sint,

136 955 200 1011 aut
220 940 320 1010 illius
340 937 648 1012 inflammationis
668 965 754 1010 cum
781 940 919 1012 horum
942 942 1152 1017 inflamma·

138 1059 242 1130 tione
268 1057 480 1152 conjunctae
505 1059 716 1146 raritatem,
735 1083 814 1128 non
840 1084 899 1130 me
922 1075 1022 1134 certe
1043 1065 1152 1146 exiis
1195 1045 1197 1056 Α

138 1200 217 1248 esse
236 1175 463 1262 credideris,
486 1176 553 1271 qui
576 1172 720 1245 nullam
729 1175 972 1272 pleuritidem
990 1205 1015 1248 a
1036 1205 1151 1250 mem·
1194 1263 1201 1272 .

138 1293 268 1364 branca
280 1305 402 1362 costas
419 1297 659 1388 succingentis
680 1293 975 1388 inflammatione
991 1301 1153 1368 excitari

139 1409 442 1498 contenderunt,
467 1409 660 1480 nominati·
671 1409 844 1508 plerique
870 1437 891 1482 a
915 1411 959 1482 cl.
985 1415 1151 1486 Titman·

136 1552 186 1598 no
200 1526 273 1624 (2),
291 1528 344 1598 ita
368 1526 431 1596 hic
451 1527 590 1624 pariter
609 1542 710 1598 recte
730 1529 864 1600 credes
885 1555 964 1600 non
980 1529 1066 1602 ideo
1090 1557 1151 1604 me

137 1667 266 1740 graves
281 1641 422 1740 pleurae
441 1641 754 1716 inflammationes
769 1669 856 1716 cum
875 1646 1070 1744 pulmonis
1090 1649 1150 1718 in·
1169 1722 1174 1725 Α

137 1758 393 1832 flammatione
416 1760 565 1855 junctas
585 1785 742 1858 negare,
767 1763 873 1859 quod
894 1765 933 1832 in
956 1763 1150 1836 dissectio-

137 1903 229 1948 num
238 1878 403 1948 maximo
421 1878 849 1976 numerodeprehensas
863 1905 1018 1977 perraro
1037 1881 1151 1956 fuisse

136 1996 342 2068 ostendam.
356 1997 491 2092 Neque
507 1996 607 2066 enim
621 2021 750 2068 earum
761 1996 904 2068 oblitus
918 2021 1001 2068 sum
1015 2001 1150 2096 quaein

137 2113 385 2212 Sepulchreto
401 2129 669 2186 recensentur:
688 2114 736 2186 ad
753 2139 890 2212 easque
907 2114 1045 2187 addere
1061 2116 1150 2191 alias

26 2211 27 2218 ἵ
136 2255 308 2330 possum,
324 2245 367 2302 ut
386 2245 477 2329 puta
494 2255 587 2328 quas
607 2231 905 2330 Gagliardus<3)
922 2232 1088 2324 indicat,
1113 2249 1151 2307 et

137 2348 175 2418 in
194 2347 371 2447 pluribus
389 2348 562 2446 quidem,
588 2349 840 2447 apulmonc
831 2377 871 2420 in
897 2350 1067 2448 pleuram
1086 2377 1149 2424 ex-

134 2478 277 2554 tensas;
295 2480 360 2536 aut
378 2489 464 2537 cum
474 2462 785 2563 Hoffmannusm)
795 2457 930 2539 vidisse
946 2491 998 2556 se,
1011 2471 1079 2559 ait,
1094 2475 1149 2540 in·

123 2565 369 2678 slttmmutam
389 2598 425 2654 et
441 2583 699 2682 sphacelatam
710 2583 905 2682 pleuram,
922 2587 1149 2684 vitiatopar-

134 2701 188 2772 vis
207 2699 444 2772 abscessibus
468 2701 641 2799 pulmoni
668 2689 932 2772 adhaerentem.
952 2701 1149 2775 Hoffman-

135 2843 209 2890 nus
225 2832 354 2890 tamen
372 2819 410 2890 id
424 2824 555 2906 etiam,
573 2820 683 2916 quasi
695 2843 995 2916 nonnunquam,
1014 2821 1150 2894 vidisse

134 2960 173 3008 se
197 2935 360 3026 addidit,
391 2951 592 3068 postquam
610 2937 650 3007 id
675 2936 780 3034 quod
802 2933 1150 3033 frequentissimum

135 3067 211 3143 est,
231 3054 341 3126 sicin
359 3055 577 3126 universum
594 3052 820 3127 tradiderat·
836 3057 883 3128 In
894 3060 1055 3124 sectione
1062 3053 1150 3152 pul

136 3195 267 3242 mones
281 3176 518 3244 inveniuntur
530 3172 668 3268 rafiam,
688 3169 788 3258 duri,
806 3177 926 3240 instar
936 3171 1099 3270 hepatis
1115 3188 1153 3244 et

137 3312 254 3386 aquae
255 3287 427 3380 fundum
428 3302 620 3386 petentes
610 3313 718 3385 quae
728 3288 904 3385 praeclara
914 3309 1069 3387 quoque
1085 3289 1150 3361 ob·

135 3405 348 3478 servatione
371 3403 426 3503 (5)
445 3402 698 3490 confirmavit,
730 3429 863 3478 eorum
882 3407 1046 3478 immane
1067 3408 1150 3481 des·
