<?xml version="1.0" encoding="UTF-8"?>
<!DOCTYPE html PUBLIC "-//W3C//DTD XHTML 1.0 Transitional//EN"
    "http://www.w3.org/TR/xhtml1/DTD/xhtml1-transitional.dtd">
<html xmlns="http://www.w3.org/1999/xhtml" xml:lang="en" lang="en">
 <head>
  <title>
</title>
<meta http-equiv="Content-Type" content="text/html;charset=utf-8" />
  <meta name='ocr-system' content='tesseract 3.04.00' />
  <meta name='ocr-capabilities' content='ocr_page ocr_carea ocr_par ocr_line ocrx_word'/>
</head>
<body>
  <div class='ocr_page' id='page_1' title='image "./desedibusetcaus01adelgoog_0138.png"; bbox 0 0 2800 4674; ppageno 0'>
   <div class='ocr_carea' id='block_1_1' title="bbox 38 349 1157 3528">
    <p class='ocr_par' dir='ltr' id='par_1_1' title="bbox 38 349 1157 3528">
     <span class='ocr_line' id='line_1_1' title="bbox 54 349 1133 442; baseline 0.008 -21"><span class='ocrx_word' id='word_1_1' title='bbox 54 404 56 407; x_wconf 83' lang='lat'><em>-</em></span> <span class='ocrx_word' id='word_1_2' title='bbox 174 349 266 440; x_wconf 54' lang='lat' dir='ltr'><strong>(nin,</strong></span> <span class='ocrx_word' id='word_1_3' title='bbox 284 377 325 422; x_wconf 90' lang='lat'><strong>11.</strong></span> <span class='ocrx_word' id='word_1_4' title='bbox 352 375 400 422; x_wconf 79' lang='lat' dir='ltr'><strong>ne</strong></span> <span class='ocrx_word' id='word_1_5' title='bbox 425 373 561 422; x_wconf 78' lang='lat' dir='ltr'><strong>nonnis</strong></span> <span class='ocrx_word' id='word_1_6' title='bbox 586 373 779 442; x_wconf 61' lang='lat' dir='ltr'><strong>rnonucm,</strong></span> <span class='ocrx_word' id='word_1_7' title='bbox 804 376 917 426; x_wconf 76' lang='lat' dir='ltr'><strong>amsi.</strong></span> <span class='ocrx_word' id='word_1_8' title='bbox 942 379 1031 426; x_wconf 81' lang='lat' dir='ltr'><strong>xxm</strong></span> <span class='ocrx_word' id='word_1_9' title='bbox 1065 357 1133 430; x_wconf 80' lang='lat'><strong>135</strong></span> 
     </span>
     <span class='ocr_line' id='line_1_2' title="bbox 128 475 1135 590; baseline -0.011 -28"><span class='ocrx_word' id='word_1_10' title='bbox 128 475 227 562; x_wconf 83' lang='lat' dir='ltr'><strong>mam</strong></span> <span class='ocrx_word' id='word_1_11' title='bbox 245 505 392 588; x_wconf 89' lang='lat' dir='ltr'><strong>partem</strong></span> <span class='ocrx_word' id='word_1_12' title='bbox 417 489 578 587; x_wconf 86' lang='lat' dir='ltr'><strong>primam</strong></span> <span class='ocrx_word' id='word_1_13' title='bbox 596 489 695 560; x_wconf 91' lang='lat' dir='ltr'><strong>illius</strong></span> <span class='ocrx_word' id='word_1_14' title='bbox 715 489 848 560; x_wconf 89' lang='lat' dir='ltr'><strong>scholii</strong></span> <span class='ocrx_word' id='word_1_15' title='bbox 866 491 1135 590; x_wconf 76' lang='lat' dir='ltr'><strong>quod-subjec.</strong></span> 
     </span>
     <span class='ocr_line' id='line_1_3' title="bbox 127 595 1134 710; baseline 0.005 -31"><span class='ocrx_word' id='word_1_16' title='bbox 127 624 206 710; x_wconf 84' lang='lat' dir='ltr'><strong>tum</strong></span> <span class='ocrx_word' id='word_1_17' title='bbox 223 605 550 682; x_wconf 81' lang='lat' dir='ltr'><strong>est&#39;observationi</strong></span> <span class='ocrx_word' id='word_1_18' title='bbox 564 611 613 678; x_wconf 92' lang='lat' dir='ltr'><strong>IV</strong></span> <span class='ocrx_word' id='word_1_19' title='bbox 633 607 808 678; x_wconf 79' lang='lat' dir='ltr'><strong>sectionis</strong></span> <span class='ocrx_word' id='word_1_20' title='bbox 828 611 894 696; x_wconf 89' lang='lat' dir='ltr'><strong>VI;</strong></span> <span class='ocrx_word' id='word_1_21' title='bbox 911 625 953 680; x_wconf 90' lang='lat' dir='ltr'><strong>nt</strong></span> <span class='ocrx_word' id='word_1_22' title='bbox 970 595 1134 686; x_wconf 78' lang='lat' dir='ltr'><strong>animad-</strong></span> 
     </span>
     <span class='ocr_line' id='line_1_4' title="bbox 38 714 1136 823; baseline 0.005 -27"><span class='ocrx_word' id='word_1_23' title='bbox 38 779 40 784; x_wconf 67' lang='lat'>,</span> <span class='ocrx_word' id='word_1_24' title='bbox 127 741 268 814; x_wconf 77' lang='lat' dir='ltr'><strong>ventae,</strong></span> <span class='ocrx_word' id='word_1_25' title='bbox 291 751 310 798; x_wconf 91' lang='lat' dir='ltr'><strong>e</strong></span> <span class='ocrx_word' id='word_1_26' title='bbox 337 737 547 823; x_wconf 75' lang='lat' dir='ltr'><strong>supputato</strong></span> <span class='ocrx_word' id='word_1_27' title='bbox 571 724 755 822; x_wconf 85' lang='lat' dir='ltr'>pulmone</span> <span class='ocrx_word' id='word_1_28' title='bbox 775 747 854 795; x_wconf 89' lang='lat' dir='ltr'><strong>non</strong></span> <span class='ocrx_word' id='word_1_29' title='bbox 873 714 967 796; x_wconf 81' lang='lat' dir='ltr'><strong>illud</strong></span> <span class='ocrx_word' id='word_1_30' title='bbox 988 742 1136 802; x_wconf 86' lang='lat' dir='ltr'><strong>tantum</strong></span> 
     </span>
     <span class='ocr_line' id='line_1_5' title="bbox 127 839 1138 942; baseline 0.005 -28"><span class='ocrx_word' id='word_1_31' title='bbox 127 869 197 942; x_wconf 88' lang='lat' dir='ltr'><strong>pus</strong></span> <span class='ocrx_word' id='word_1_32' title='bbox 220 844 263 914; x_wconf 91' lang='lat' dir='ltr'><strong>in</strong></span> <span class='ocrx_word' id='word_1_33' title='bbox 286 841 480 919; x_wconf 81' lang='lat' dir='ltr'><strong>thoracem</strong></span> <span class='ocrx_word' id='word_1_34' title='bbox 502 839 670 929; x_wconf 77' lang='lat' dir='ltr'><strong>effundi,</strong></span> <span class='ocrx_word' id='word_1_35' title='bbox 699 843 739 910; x_wconf 89' lang='lat' dir='ltr'><strong>in</strong></span> <span class='ocrx_word' id='word_1_36' title='bbox 769 841 874 938; x_wconf 89' lang='lat' dir='ltr'><strong>quod</strong></span> <span class='ocrx_word' id='word_1_37' title='bbox 902 843 1138 940; x_wconf 87' lang='lat' dir='ltr'><strong>pulmonaris</strong></span> 
     </span>
     <span class='ocr_line' id='line_1_6' title="bbox 128 959 1136 1059; baseline 0.002 -25"><span class='ocrx_word' id='word_1_38' title='bbox 128 961 219 1034; x_wconf 87' lang='lat' dir='ltr'><strong>abiit</strong></span> <span class='ocrx_word' id='word_1_39' title='bbox 230 961 458 1050; x_wconf 81' lang='lat' dir='ltr'><strong>substantia,</strong></span> <span class='ocrx_word' id='word_1_40' title='bbox 475 959 541 1032; x_wconf 88' lang='lat' dir='ltr'><strong>sed</strong></span> <span class='ocrx_word' id='word_1_41' title='bbox 558 975 596 1044; x_wconf 83' lang='lat' dir='ltr'><strong>et</strong></span> <span class='ocrx_word' id='word_1_42' title='bbox 613 959 726 1058; x_wconf 80' lang='lat' dir='ltr'><strong>longe</strong></span> <span class='ocrx_word' id='word_1_43' title='bbox 742 960 924 1055; x_wconf 86' lang='lat' dir='ltr'><strong>majorem</strong></span> <span class='ocrx_word' id='word_1_44' title='bbox 943 965 1049 1059; x_wconf 85' lang='lat' dir='ltr'><strong>puris</strong></span> <span class='ocrx_word' id='word_1_45' title='bbox 1070 989 1136 1036; x_wconf 90' lang='lat' dir='ltr'><strong>co-</strong></span> 
     </span>
     <span class='ocr_line' id='line_1_7' title="bbox 127 1075 1137 1180; baseline 0.004 -30"><span class='ocrx_word' id='word_1_46' title='bbox 127 1081 248 1178; x_wconf 83' lang='lat' dir='ltr'>piam,</span> <span class='ocrx_word' id='word_1_47' title='bbox 270 1080 311 1150; x_wconf 90' lang='lat' dir='ltr'><strong>in</strong></span> <span class='ocrx_word' id='word_1_48' title='bbox 336 1079 442 1176; x_wconf 89' lang='lat' dir='ltr'><strong>quod</strong></span> <span class='ocrx_word' id='word_1_49' title='bbox 467 1078 529 1148; x_wconf 85' lang='lat' dir='ltr'><strong>illa</strong></span> <span class='ocrx_word' id='word_1_50' title='bbox 551 1075 692 1150; x_wconf 82' lang='lat' dir='ltr'><strong>abeunt</strong></span> <span class='ocrx_word' id='word_1_51' title='bbox 716 1100 850 1175; x_wconf 83' lang='lat' dir='ltr'><strong>magna</strong></span> <span class='ocrx_word' id='word_1_52' title='bbox 866 1099 912 1148; x_wconf 86' lang='lat' dir='ltr'><strong>ex</strong></span> <span class='ocrx_word' id='word_1_53' title='bbox 928 1095 1037 1178; x_wconf 86' lang='lat' dir='ltr'><strong>parte</strong></span> <span class='ocrx_word' id='word_1_54' title='bbox 1053 1105 1137 1180; x_wconf 79' lang='lat' dir='ltr'><strong>quse</strong></span> 
     </span>
     <span class='ocr_line' id='line_1_8' title="bbox 128 1192 1138 1294; baseline 0.007 -26"><span class='ocrx_word' id='word_1_55' title='bbox 128 1215 196 1294; x_wconf 85' lang='lat' dir='ltr'><strong>per</strong></span> <span class='ocrx_word' id='word_1_56' title='bbox 212 1220 301 1268; x_wconf 84' lang='lat' dir='ltr'><strong>vasa</strong></span> <span class='ocrx_word' id='word_1_57' title='bbox 317 1197 356 1266; x_wconf 88' lang='lat' dir='ltr'><strong>in</strong></span> <span class='ocrx_word' id='word_1_58' title='bbox 369 1201 456 1268; x_wconf 88' lang='lat' dir='ltr'><strong>eum</strong></span> <span class='ocrx_word' id='word_1_59' title='bbox 469 1195 691 1294; x_wconf 82' lang='lat' dir='ltr'><strong>pulmonem</strong></span> <span class='ocrx_word' id='word_1_60' title='bbox 702 1192 963 1268; x_wconf 86' lang='lat' dir='ltr'><strong>conferuntur.</strong></span> <span class='ocrx_word' id='word_1_61' title='bbox 976 1200 1138 1275; x_wconf 80' lang='lat' dir='ltr'><strong>Necesse</strong></span> 
     </span>
     <span class='ocr_line' id='line_1_9' title="bbox 128 1295 1137 1412; baseline 0.005 -28"><span class='ocrx_word' id='word_1_62' title='bbox 128 1339 218 1412; x_wconf 81' lang='lat' dir='ltr'><strong>ergo</strong></span> <span class='ocrx_word' id='word_1_63' title='bbox 236 1327 316 1400; x_wconf 83' lang='lat' dir='ltr'><strong>est,</strong></span> <span class='ocrx_word' id='word_1_64' title='bbox 332 1327 375 1384; x_wconf 90' lang='lat' dir='ltr'><strong>ut</strong></span> <span class='ocrx_word' id='word_1_65' title='bbox 390 1313 456 1384; x_wconf 91' lang='lat' dir='ltr'><strong>illo</strong></span> <span class='ocrx_word' id='word_1_66' title='bbox 469 1295 615 1411; x_wconf 87' lang='lat' dir='ltr'><strong>repleto</strong></span> <span class='ocrx_word' id='word_1_67' title='bbox 631 1312 797 1384; x_wconf 86' lang='lat' dir='ltr'><strong>thoracis</strong></span> <span class='ocrx_word' id='word_1_68' title='bbox 815 1337 906 1384; x_wconf 79' lang='lat' dir='ltr'><strong>cavo</strong></span> <span class='ocrx_word' id='word_1_69' title='bbox 917 1367 928 1401; x_wconf 81' lang='grc'>,</span> <span class='ocrx_word' id='word_1_70' title='bbox 940 1329 1137 1390; x_wconf 82' lang='lat' dir='ltr'><strong>tantoma·</strong></span> 
     </span>
     <span class='ocr_line' id='line_1_10' title="bbox 128 1431 1137 1530; baseline 0.003 -27"><span class='ocrx_word' id='word_1_71' title='bbox 128 1433 182 1530; x_wconf 85' lang='lat' dir='ltr'><strong>gis</strong></span> <span class='ocrx_word' id='word_1_72' title='bbox 212 1432 405 1504; x_wconf 86' lang='lat' dir='ltr'><strong>decrescat</strong></span> <span class='ocrx_word' id='word_1_73' title='bbox 431 1431 583 1530; x_wconf 81' lang='lat' dir='ltr'><strong>pulmo,</strong></span> <span class='ocrx_word' id='word_1_74' title='bbox 608 1445 753 1529; x_wconf 83' lang='lat' dir='ltr'><strong>quanto</strong></span> <span class='ocrx_word' id='word_1_75' title='bbox 779 1432 897 1528; x_wconf 61' lang='lat' dir='ltr'><strong>magis</strong></span> <span class='ocrx_word' id='word_1_76' title='bbox 917 1457 989 1530; x_wconf 92' lang='lat' dir='ltr'><strong>pus</strong></span> <span class='ocrx_word' id='word_1_77' title='bbox 1011 1434 1137 1506; x_wconf 85' lang='lat' dir='ltr'><strong>adhuc</strong></span> 
     </span>
     <span class='ocr_line' id='line_1_11' title="bbox 128 1549 1138 1656; baseline 0.004 -36"><span class='ocrx_word' id='word_1_78' title='bbox 128 1551 284 1638; x_wconf 86' lang='lat' dir='ltr'><strong>erescit,</strong></span> <span class='ocrx_word' id='word_1_79' title='bbox 300 1550 495 1648; x_wconf 84' lang='lat' dir='ltr'><strong>magisque</strong></span> <span class='ocrx_word' id='word_1_80' title='bbox 509 1565 619 1647; x_wconf 87' lang='lat' dir='ltr'><strong>urget</strong></span> <span class='ocrx_word' id='word_1_81' title='bbox 630 1549 818 1647; x_wconf 87' lang='lat' dir='ltr'><strong>reliquam</strong></span> <span class='ocrx_word' id='word_1_82' title='bbox 839 1550 1033 1648; x_wconf 83' lang='lat' dir='ltr'><strong>pulmonis</strong></span> <span class='ocrx_word' id='word_1_83' title='bbox 1051 1552 1138 1656; x_wconf 76' lang='lat' dir='ltr'><strong>sub·</strong></span> 
     </span>
     <span class='ocr_line' id='line_1_12' title="bbox 128 1663 1138 1764; baseline 0.005 -28"><span class='ocrx_word' id='word_1_84' title='bbox 128 1668 322 1752; x_wconf 79' lang='lat' dir='ltr'><strong>stantiam,</strong></span> <span class='ocrx_word' id='word_1_85' title='bbox 339 1663 444 1737; x_wconf 84' lang='lat' dir='ltr'><strong>facile</strong></span> <span class='ocrx_word' id='word_1_86' title='bbox 466 1668 506 1736; x_wconf 89' lang='lat' dir='ltr'><strong>in</strong></span> <span class='ocrx_word' id='word_1_87' title='bbox 528 1681 675 1738; x_wconf 89' lang='lat' dir='ltr'><strong>arctum</strong></span> <span class='ocrx_word' id='word_1_88' title='bbox 700 1667 1038 1764; x_wconf 79' lang='lat' dir='ltr'><strong>compingendam,</strong></span> <span class='ocrx_word' id='word_1_89' title='bbox 1055 1683 1138 1742; x_wconf 90' lang='lat' dir='ltr'><strong>tum</strong></span> 
     </span>
     <span class='ocr_line' id='line_1_13' title="bbox 128 1779 1139 1883; baseline 0.005 -32"><span class='ocrx_word' id='word_1_90' title='bbox 128 1783 217 1879; x_wconf 89' lang='lat' dir='ltr'><strong>quia</strong></span> <span class='ocrx_word' id='word_1_91' title='bbox 245 1779 514 1871; x_wconf 77' lang='lat' dir='ltr'><strong>membraneos,</strong></span> <span class='ocrx_word' id='word_1_92' title='bbox 540 1782 749 1878; x_wconf 83' lang='lat' dir='ltr'><strong>exquibus</strong></span> <span class='ocrx_word' id='word_1_93' title='bbox 780 1798 944 1883; x_wconf 83' lang='lat' dir='ltr'><strong>constat,</strong></span> <span class='ocrx_word' id='word_1_94' title='bbox 967 1785 1139 1856; x_wconf 84' lang='lat' dir='ltr'><strong>vesiculae</strong></span> 
     </span>
     <span class='ocr_line' id='line_1_14' title="bbox 127 1898 1140 2006; baseline 0.004 -36"><span class='ocrx_word' id='word_1_95' title='bbox 127 1916 269 1972; x_wconf 85' lang='lat' dir='ltr'><strong>natura</strong></span> <span class='ocrx_word' id='word_1_96' title='bbox 276 1900 452 1987; x_wconf 89' lang='lat' dir='ltr'><strong>mollem,</strong></span> <span class='ocrx_word' id='word_1_97' title='bbox 471 1914 552 1970; x_wconf 87' lang='lat' dir='ltr'><strong>tum</strong></span> <span class='ocrx_word' id='word_1_98' title='bbox 566 1898 653 1995; x_wconf 89' lang='lat' dir='ltr'><strong>quia</strong></span> <span class='ocrx_word' id='word_1_99' title='bbox 675 1921 814 1985; x_wconf 71' lang='lat' dir='ltr'><strong>caveae,</strong></span> <span class='ocrx_word' id='word_1_100' title='bbox 834 1903 1140 2006; x_wconf 85' lang='lat' dir='ltr'><strong>asuppuratione</strong></span> 
     </span>
     <span class='ocr_line' id='line_1_15' title="bbox 128 2014 1139 2114; baseline 0.005 -28"><span class='ocrx_word' id='word_1_101' title='bbox 128 2018 231 2088; x_wconf 87' lang='lat' dir='ltr'><strong>intus</strong></span> <span class='ocrx_word' id='word_1_102' title='bbox 251 2017 409 2106; x_wconf 86' lang='lat' dir='ltr'><strong>relictae,</strong></span> <span class='ocrx_word' id='word_1_103' title='bbox 429 2016 546 2112; x_wconf 81' lang='lat' dir='ltr'><strong>magis</strong></span> <span class='ocrx_word' id='word_1_104' title='bbox 564 2017 723 2114; x_wconf 90' lang='lat' dir='ltr'><strong>insuper</strong></span> <span class='ocrx_word' id='word_1_105' title='bbox 736 2016 934 2088; x_wconf 85' lang='lat' dir='ltr'><strong>cedentem</strong></span> <span class='ocrx_word' id='word_1_106' title='bbox 959 2014 1139 2091; x_wconf 85' lang='lat' dir='ltr'><strong>efficiunt.</strong></span> 
     </span>
     <span class='ocr_line' id='line_1_16' title="bbox 128 2133 1140 2231; baseline 0.003 -27"><span class='ocrx_word' id='word_1_107' title='bbox 128 2137 232 2224; x_wconf 88' lang='lat' dir='ltr'><strong>Quin</strong></span> <span class='ocrx_word' id='word_1_108' title='bbox 250 2136 361 2206; x_wconf 62' lang='lat' dir='ltr'><strong>miani</strong></span> <span class='ocrx_word' id='word_1_109' title='bbox 379 2133 428 2204; x_wconf 90' lang='lat' dir='ltr'><strong>ob</strong></span> <span class='ocrx_word' id='word_1_110' title='bbox 446 2133 533 2220; x_wconf 85' lang='lat' dir='ltr'><strong>has,</strong></span> <span class='ocrx_word' id='word_1_111' title='bbox 548 2148 615 2204; x_wconf 79' lang='lat' dir='ltr'><strong>am</strong></span> <span class='ocrx_word' id='word_1_112' title='bbox 636 2133 746 2204; x_wconf 87' lang='lat' dir='ltr'><strong>aliam</strong></span> <span class='ocrx_word' id='word_1_113' title='bbox 769 2133 932 2231; x_wconf 73' lang='lat' dir='ltr'><strong>aliquam</strong></span> <span class='ocrx_word' id='word_1_114' title='bbox 954 2135 1140 2231; x_wconf 89' lang='lat' dir='ltr'><strong>ejusmodi</strong></span> 
     </span>
     <span class='ocr_line' id='line_1_17' title="bbox 131 2249 1140 2367; baseline 0.004 -45"><span class='ocrx_word' id='word_1_115' title='bbox 131 2275 284 2325; x_wconf 88' lang='lat' dir='ltr'><strong>causam</strong></span> <span class='ocrx_word' id='word_1_116' title='bbox 305 2249 443 2324; x_wconf 81' lang='lat' dir='ltr'><strong>factum</strong></span> <span class='ocrx_word' id='word_1_117' title='bbox 463 2267 577 2357; x_wconf 82' lang='lat' dir='ltr'><strong>puto,</strong></span> <span class='ocrx_word' id='word_1_118' title='bbox 595 2266 640 2322; x_wconf 86' lang='lat' dir='ltr'><strong>ut</strong></span> <span class='ocrx_word' id='word_1_119' title='bbox 666 2251 870 2367; x_wconf 52' lang='lat' dir='ltr'><strong>nliqrwdo</strong></span> <span class='ocrx_word' id='word_1_120' title='bbox 889 2252 1022 2350; x_wconf 88' lang='lat' dir='ltr'><strong>pulmo</strong></span> <span class='ocrx_word' id='word_1_121' title='bbox 1043 2278 1140 2352; x_wconf 89' lang='lat' dir='ltr'><strong>aqua</strong></span> 
     </span>
     <span class='ocr_line' id='line_1_18' title="bbox 130 2367 1150 2468; baseline 0.004 -28"><span class='ocrx_word' id='word_1_122' title='bbox 130 2370 250 2442; x_wconf 86' lang='lat' dir='ltr'><strong>multa</strong></span> <span class='ocrx_word' id='word_1_123' title='bbox 268 2367 535 2456; x_wconf 82' lang='lat' dir='ltr'><strong>circumfusus,</strong></span> <span class='ocrx_word' id='word_1_124' title='bbox 552 2368 920 2468; x_wconf 86' lang='lat' dir='ltr'><strong>&#39;compressusadeo</strong></span> <span class='ocrx_word' id='word_1_125' title='bbox 944 2367 1079 2460; x_wconf 82' lang='lat' dir='ltr'><strong>fuerit,</strong></span> <span class='ocrx_word' id='word_1_126' title='bbox 1098 2387 1150 2444; x_wconf 87' lang='lat' dir='ltr'><strong>ut</strong></span> 
     </span>
     <span class='ocr_line' id='line_1_19' title="bbox 128 2487 1136 2586; baseline 0 -26"><span class='ocrx_word' id='word_1_127' title='bbox 128 2513 225 2586; x_wconf 91' lang='lat' dir='ltr'><strong>pene</strong></span> <span class='ocrx_word' id='word_1_128' title='bbox 244 2490 372 2562; x_wconf 87' lang='lat' dir='ltr'><strong>deesse</strong></span> <span class='ocrx_word' id='word_1_129' title='bbox 391 2489 607 2563; x_wconf 78' lang='lat' dir='ltr'><strong>videretur:</strong></span> <span class='ocrx_word' id='word_1_130' title='bbox 627 2489 687 2558; x_wconf 85' lang='lat' dir='ltr'><strong>Sic</strong></span> <span class='ocrx_word' id='word_1_131' title='bbox 704 2487 982 2586; x_wconf 79' lang='lat' dir='ltr'><strong>Columbus(1)</strong></span> <span class='ocrx_word' id='word_1_132' title='bbox 998 2496 1136 2578; x_wconf 79' lang='lat' dir='ltr'><strong>inveni,</strong></span> 
     </span>
     <span class='ocr_line' id='line_1_20' title="bbox 127 2605 1157 2706; baseline 0.002 -29"><span class='ocrx_word' id='word_1_133' title='bbox 127 2609 271 2704; x_wconf 88' lang='lat' dir='ltr'><strong>inquit,</strong></span> <span class='ocrx_word' id='word_1_134' title='bbox 284 2623 433 2706; x_wconf 81' lang='lat' dir='ltr'><strong>partem</strong></span> <span class='ocrx_word' id='word_1_135' title='bbox 448 2608 610 2678; x_wconf 78' lang='lat' dir='ltr'><strong>thoracis</strong></span> <span class='ocrx_word' id='word_1_136' title='bbox 620 2605 802 2704; x_wconf 85' lang='lat' dir='ltr'><strong>pulmone</strong></span> <span class='ocrx_word' id='word_1_137' title='bbox 812 2606 981 2695; x_wconf 81' lang='lat' dir='ltr'><strong>destitui,</strong></span> <span class='ocrx_word' id='word_1_138' title='bbox 992 2608 1136 2695; x_wconf 81' lang='lat' dir='ltr'><strong>leocest,</strong></span> <span class='ocrx_word' id='word_1_139' title='bbox 1149 2629 1157 2648; x_wconf 83' lang='grc'>’</span> 
     </span>
     <span class='ocr_line' id='line_1_21' title="bbox 93 2723 1139 2838; baseline 0.002 -44"><span class='ocrx_word' id='word_1_140' title='bbox 93 2813 103 2838; x_wconf 35' lang='grc' dir='ltr'>ι</span> <span class='ocrx_word' id='word_1_141' title='bbox 129 2731 321 2796; x_wconf 80' lang='lat' dir='ltr'><strong>minimam</strong></span> <span class='ocrx_word' id='word_1_142' title='bbox 328 2726 523 2823; x_wconf 79' lang='lat' dir='ltr'><strong>pulmonis</strong></span> <span class='ocrx_word' id='word_1_143' title='bbox 534 2729 753 2824; x_wconf 82' lang='lat' dir='ltr'><strong>portionem</strong></span> <span class='ocrx_word' id='word_1_144' title='bbox 763 2723 915 2796; x_wconf 82' lang='lat' dir='ltr'><strong>adesse:</strong></span> <span class='ocrx_word' id='word_1_145' title='bbox 931 2724 1037 2820; x_wconf 87' lang='lat' dir='ltr'><strong>quod</strong></span> <span class='ocrx_word' id='word_1_146' title='bbox 1047 2751 1139 2802; x_wconf 70' lang='lat' dir='ltr'><strong>uero</strong></span> 
     </span>
     <span class='ocr_line' id='line_1_22' title="bbox 130 2841 1141 2940; baseline 0.002 -28"><span class='ocrx_word' id='word_1_147' title='bbox 130 2841 315 2940; x_wconf 74' lang='lat' dir='ltr'><strong>reliquum</strong></span> <span class='ocrx_word' id='word_1_148' title='bbox 337 2859 419 2938; x_wconf 81' lang='lat' dir='ltr'><strong>erat</strong></span> <span class='ocrx_word' id='word_1_149' title='bbox 436 2847 625 2930; x_wconf 66' lang='lat' dir='ltr'><strong>cavitates,</strong></span> <span class='ocrx_word' id='word_1_150' title='bbox 641 2843 695 2912; x_wconf 83' lang='lat' dir='ltr'><strong>ub</strong></span> <span class='ocrx_word' id='word_1_151' title='bbox 712 2866 834 2937; x_wconf 81' lang='lat' dir='ltr'><strong>nqueo</strong></span> <span class='ocrx_word' id='word_1_152' title='bbox 861 2841 1016 2912; x_wconf 75' lang='lat' dir='ltr'><strong>ltumore</strong></span> <span class='ocrx_word' id='word_1_153' title='bbox 1035 2867 1141 2914; x_wconf 91' lang='lat' dir='ltr'><strong>occu·</strong></span> 
     </span>
     <span class='ocr_line' id='line_1_23' title="bbox 126 2957 1143 3057; baseline -0.001 -27"><span class='ocrx_word' id='word_1_154' title='bbox 126 2962 305 3056; x_wconf 75' lang='lat' dir='ltr'><strong>pabulas.</strong></span> <span class='ocrx_word' id='word_1_155' title='bbox 324 2963 390 3030; x_wconf 82' lang='lat' dir='ltr'><strong>Sic.</strong></span> <span class='ocrx_word' id='word_1_156' title='bbox 400 2961 489 3031; x_wconf 87' lang='lat' dir='ltr'><strong>elias</strong></span> <span class='ocrx_word' id='word_1_157' title='bbox 502 2985 657 3057; x_wconf 87' lang='lat' dir='ltr'><strong>quoque</strong></span> <span class='ocrx_word' id='word_1_158' title='bbox 668 2958 855 3046; x_wconf 81' lang='lat' dir='ltr'><strong>Valsalva‚</strong></span> <span class='ocrx_word' id='word_1_159' title='bbox 870 2959 978 3052; x_wconf 87' lang='lat' dir='ltr'><strong>cujus</strong></span> <span class='ocrx_word' id='word_1_160' title='bbox 988 2957 1143 3056; x_wconf 81' lang='lat' dir='ltr'><strong>alibi(2)</strong></span> 
     </span>
     <span class='ocr_line' id='line_1_24' title="bbox 131 3075 1141 3173; baseline 0 -26"><span class='ocrx_word' id='word_1_161' title='bbox 131 3075 347 3173; x_wconf 82' lang='lat' dir='ltr'><strong>proferetur</strong></span> <span class='ocrx_word' id='word_1_162' title='bbox 380 3077 615 3164; x_wconf 80' lang='lat' dir='ltr'><strong>observatio,</strong></span> <span class='ocrx_word' id='word_1_163' title='bbox 643 3076 792 3152; x_wconf 88' lang='lat' dir='ltr'><strong>nullum</strong></span> <span class='ocrx_word' id='word_1_164' title='bbox 824 3076 948 3172; x_wconf 87' lang='lat' dir='ltr'><strong>primo</strong></span> <span class='ocrx_word' id='word_1_165' title='bbox 984 3091 1141 3173; x_wconf 85' lang='lat' dir='ltr'><strong>aspectu</strong></span> 
     </span>
     <span class='ocr_line' id='line_1_25' title="bbox 133 3183 1139 3294; baseline 0.004 -29"><span class='ocrx_word' id='word_1_166' title='bbox 133 3219 210 3268; x_wconf 86' lang='lat' dir='ltr'><strong>esse</strong></span> <span class='ocrx_word' id='word_1_167' title='bbox 220 3183 636 3294; x_wconf 79' lang='lat' dir='ltr'><strong>eredidit&#39;pnlrnonem:</strong></span> <span class='ocrx_word' id='word_1_168' title='bbox 656 3194 750 3265; x_wconf 89' lang='lat' dir='ltr'><strong>adeo</strong></span> <span class='ocrx_word' id='word_1_169' title='bbox 761 3192 831 3264; x_wconf 85' lang='lat' dir='ltr'><strong>sub</strong></span> <span class='ocrx_word' id='word_1_170' title='bbox 844 3193 964 3262; x_wconf 90' lang='lat' dir='ltr'><strong>multo</strong></span> <span class='ocrx_word' id='word_1_171' title='bbox 978 3191 1139 3269; x_wconf 85' lang='lat' dir='ltr'><strong>humore</strong></span> 
     </span>
     <span class='ocr_line' id='line_1_26' title="bbox 133 3311 1141 3408; baseline 0.003 -26"><span class='ocrx_word' id='word_1_172' title='bbox 133 3328 349 3385; x_wconf 84' lang='lat' dir='ltr'><strong>contractus</strong></span> <span class='ocrx_word' id='word_1_173' title='bbox 376 3311 483 3386; x_wconf 83' lang='lat' dir='ltr'><strong>erat!</strong></span> <span class='ocrx_word' id='word_1_174' title='bbox 506 3315 581 3401; x_wconf 87' lang='lat' dir='ltr'><strong>Sic,</strong></span> <span class='ocrx_word' id='word_1_175' title='bbox 606 3337 653 3382; x_wconf 90' lang='lat' dir='ltr'><strong>ne</strong></span> <span class='ocrx_word' id='word_1_176' title='bbox 685 3312 835 3408; x_wconf 84' lang='lat' dir='ltr'><strong>longior</strong></span> <span class='ocrx_word' id='word_1_177' title='bbox 859 3311 1141 3402; x_wconf 33' lang='lat' dir='ltr'><strong>simplaudatus</strong></span> 
     </span>
     <span class='ocr_line' id='line_1_27' title="bbox 133 3429 1140 3528; baseline 0.004 -30"><span class='ocrx_word' id='word_1_178' title='bbox 133 3431 301 3504; x_wconf 84' lang='lat' dir='ltr'><strong>Hallerus</strong></span> <span class='ocrx_word' id='word_1_179' title='bbox 321 3429 396 3528; x_wconf 86' lang='lat'><strong>(3)</strong></span> <span class='ocrx_word' id='word_1_180' title='bbox 410 3437 455 3516; x_wconf 74' lang='lat' dir='ltr'><strong>jn</strong></span> <span class='ocrx_word' id='word_1_181' title='bbox 472 3432 642 3528; x_wconf 76' lang='lat' dir='ltr'><strong>hydrope</strong></span> <span class='ocrx_word' id='word_1_182' title='bbox 649 3435 817 3527; x_wconf 82' lang='lat' dir='ltr'><strong>pectoris</strong></span> <span class='ocrx_word' id='word_1_183' title='bbox 833 3429 1035 3526; x_wconf 89' lang='lat' dir='ltr'><strong>pulmones</strong></span> <span class='ocrx_word' id='word_1_184' title='bbox 1046 3431 1140 3502; x_wconf 90' lang='lat' dir='ltr'><strong>vidit</strong></span> 
     </span>
    </p>
   </div>
   <div class='ocr_carea' id='block_1_2' title="bbox 174 3693 812 4008">
    <p class='ocr_par' dir='ltr' id='par_1_2' title="bbox 174 3693 812 4008">
     <span class='ocr_line' id='line_1_28' title="bbox 174 3693 609 3808; baseline -0.011 -21"><span class='ocrx_word' id='word_1_185' title='bbox 174 3728 217 3808; x_wconf 91' lang='lat'><strong>(1)</strong></span> <span class='ocrx_word' id='word_1_186' title='bbox 239 3731 284 3787; x_wconf 90' lang='lat' dir='ltr'><strong>De</strong></span> <span class='ocrx_word' id='word_1_187' title='bbox 296 3741 418 3789; x_wconf 84' lang='lat' dir='ltr'><strong>reanat.</strong></span> <span class='ocrx_word' id='word_1_188' title='bbox 436 3729 456 3784; x_wconf 94' lang='lat' dir='ltr'><strong>l.</strong></span> <span class='ocrx_word' id='word_1_189' title='bbox 473 3727 519 3784; x_wconf 91' lang='lat'><strong>15.</strong></span> <span class='ocrx_word' id='word_1_190' title='bbox 606 3693 609 3698; x_wconf 26' lang='grc' dir='ltr'>Ι</span> 
     </span>
     <span class='ocr_line' id='line_1_29' title="bbox 177 3829 493 3908; baseline -0.006 -21"><span class='ocrx_word' id='word_1_191' title='bbox 177 3829 220 3908; x_wconf 77' lang='lat' dir='ltr'><strong>(a)</strong></span> <span class='ocrx_word' id='word_1_192' title='bbox 240 3831 334 3906; x_wconf 88' lang='lat' dir='ltr'><strong>Epist.</strong></span> <span class='ocrx_word' id='word_1_193' title='bbox 351 3829 404 3899; x_wconf 82' lang='lat'><strong>50,</strong></span> <span class='ocrx_word' id='word_1_194' title='bbox 420 3849 450 3886; x_wconf 84' lang='lat' dir='ltr'><strong>n.</strong></span> <span class='ocrx_word' id='word_1_195' title='bbox 467 3835 493 3893; x_wconf 80' lang='lat' dir='ltr'><strong>l..</strong></span> 
     </span>
     <span class='ocr_line' id='line_1_30' title="bbox 175 3924 812 4008; baseline -0.011 -21"><span class='ocrx_word' id='word_1_196' title='bbox 175 3929 220 4008; x_wconf 76' lang='lat'><strong>(3)</strong></span> <span class='ocrx_word' id='word_1_197' title='bbox 239 3931 287 3988; x_wconf 83' lang='lat' dir='ltr'><strong>Ad</strong></span> <span class='ocrx_word' id='word_1_198' title='bbox 300 3924 406 3988; x_wconf 84' lang='lat' dir='ltr'><strong>Boerh.</strong></span> <span class='ocrx_word' id='word_1_199' title='bbox 418 3929 547 4004; x_wconf 78' lang='lat' dir='ltr'><strong>preelect.</strong></span> <span class='ocrx_word' id='word_1_200' title='bbox 563 3932 578 3999; x_wconf 75' lang='lat' dir='ltr'>s</span> <span class='ocrx_word' id='word_1_201' title='bbox 596 3945 668 4000; x_wconf 77' lang='lat' dir='ltr'><strong>roa,</strong></span> <span class='ocrx_word' id='word_1_202' title='bbox 685 3937 750 3986; x_wconf 72' lang='lat' dir='ltr'><strong>not.</strong></span> <span class='ocrx_word' id='word_1_203' title='bbox 766 3944 812 3996; x_wconf 83' lang='lat'><strong>17.</strong></span> 
     </span>
    </p>
   </div>
   <div class='ocr_carea' id='block_1_3' title="bbox 199 4148 214 4180">
    <p class='ocr_par' dir='ltr' id='par_1_3' title="bbox 199 4148 214 4180">
     <span class='ocr_line' id='line_1_31' title="bbox 199 4148 214 4180; baseline 0 0"><span class='ocrx_word' id='word_1_204' title='bbox 199 4148 214 4180; x_wconf 64' lang='grc' dir='ltr'><em>θ</em></span> 
     </span>
    </p>
   </div>
   <div class='ocr_carea' id='block_1_4' title="bbox 0 0 1406 4674">
    <p class='ocr_par' dir='ltr' id='par_1_4' title="bbox 0 0 1406 4674">
     <span class='ocr_line' id='line_1_32' title="bbox 0 0 1406 4674; baseline 0 0"><span class='ocrx_word' id='word_1_205' title='bbox 0 0 1406 4674; x_wconf 95' lang='lat' dir='ltr'><strong> </strong></span> 
     </span>
    </p>
   </div>
  </div>
 </body>
</html>
