2820 4668
371 365 442 454 544
534 389 582 436 nn
608 385 754 434 sarnus
778 381 823 434 tr
848 385 973 434 causis
996 387 1193 448 ,uoaaoauu

370 502 475 602 quod
491 501 749 587 obstaculum,
766 514 804 571 et
821 501 929 598 quasi
939 525 1113 600 aggerem
1126 523 1308 584 osseacusta

370 639 518 694 naturae
536 619 780 720 providentia
810 620 850 688 iu
878 617 1030 691 dilatata
1062 625 1187 694 arteria
1215 630 1311 722 opponi

371 742 518 812 censuit
531 739 580 812 ad
596 740 781 835 impetum
804 739 998 834 sanguinis
1024 739 1273 827 retardandum,
1287 743 1308 812 id

294 918 299 930 ,
368 860 510 956 ipsum,
531 859 673 933 arteriae
691 856 838 928 tunicas
850 852 1082 953 perforando
1102 860 1200 930 sicuti
1219 860 1248 928 in
1261 861 1309 954 ejus

369 1003 524 1076 quoque
557 975 820 1047 observatione
856 971 964 1046 facile
993 976 1165 1074 contigit,
1194 977 1309 1073 sanguini

367 1098 509 1168 exitum
524 1097 694 1167 citiorem
710 1107 826 1192 paret.
847 1091 960 1183 Quod
976 1095 1006 1164 si
1024 1096 1222 1166 tunicarum
1233 1095 1308 1165 exesis

264 1283 272 1295 ,
366 1213 466 1286 inter
489 1239 572 1297 ossa
595 1213 724 1284 innata
740 1212 859 1285 levior
878 1211 947 1300 sit,
973 1226 1014 1282 ut
1041 1213 1157 1310 magis
1180 1209 1307 1282 infirmare

368 1356 428 1406 eas
442 1333 559 1429 possit
586 1356 700 1428 quam
721 1328 974 1427 pertundere,
995 1331 1145 1428 sanguis
1163 1346 1262 1402 autem
1278 1355 1308 1398 u·

365 1449 478 1522 lidius
496 1464 645 1552 urgeat3
670 1449 786 1520 laxari
802 1447 856 1549 ibi
874 1448 1082 1545 aliquando
1113 1451 1236 1548 poterit
1254 1462 1308 1518 aue·
1354 1541 1355 1564 Χ

340 1570 427 1639 'riae
451 1567 571 1657 latus,
605 1583 642 1640 et
672 1569 711 1638 in
735 1563 954 1638 sacciforrue
977 1591 1194 1666 aneurysma
1211 1565 1308 1652 erarbe
1354 1615 1355 1618 ,

364 1711 469 1776 rare,
485 1687 592 1782 cujus
612 1683 821 1782 parietibus
844 1683 907 1754 illa
931 1687 1033 1756 intus
1055 1709 1139 1758 ossa
1161 1683 1307 1756 affixasiu.

365 1809 450 1895 Quo
463 1806 607 1902 posito,
622 1805 746 1873 miuus
762 1799 917 1874 fortasse
928 1806 999 1874 erit
1011 1801 1163 1876 difficile
1173 1827 1260 1902 quam
1270 1823 1308 1872 cn

290 1989 302 2004 ,
364 1923 525 2000 debatur
543 1920 610 2018 (ι),
634 1923 820 1992 rationem
845 1919 1081 2018 modumque
1095 1921 1251 2006 vinvenire
1266 1942 1309 2014 quo

360 2041 460 2111 iutra
477 2040 558 2136 ejus
575 2038 723 2136 generis
744 2061 983 2134 aueurysma,
1001 2038 1112 2134 cujus
1125 2039 1162 2114 ri
1183 2033 1308 2124 clauicula

364 2157 524 2230 diductae
538 2155 702 2242 fueraut,
720 2154 882 2228 frustum
904 2157 998 2228 ossis
1014 2157 1226 2230 conclusum
1238 2152 1308 2222 videri

362 2291 489 2374 posset
508 2275 613 2372 quod
631 2289 759 2346 sterno
777 2272 914 2345 deerat.
936 2275 1125 2371 Conjicies
1147 2277 1245 2360 enim,
1262 2292 1308 2342 eru

363 2394 516 2490 quidem
532 2394 649 2464 sterni
658 2391 880 2490 particulam
891 2388 1018 2480 fuisse,
1036 2409 1079 2466 ut
1091 2389 1308 2492 fit‚apr01iu⁰

361 2523 622 2606 aneurysmate
649 2511 787 2582 sensim
822 2527 1111 2608 consumptam
1133 2537 1210 2610 qua
1232 2522 1307 2579 auten

307 2703 309 2708 ,
360 2629 459 2704 intra
477 2627 667 2714 hocerat,
685 2625 841 2703 fortuito
862 2653 944 2699 eam
962 2625 1124 2716 formam
1145 2620 1306 2727 magnitudi-

359 2771 525 2844 nemque
554 2745 746 2832 habuisse‚
774 2761 815 2816 ut
841 2772 923 2818 eam
951 2771 1033 2844 quae
1064 2764 1191 2820 sterno
1212 2745 1307 2822 deerat,

358 2865 623 2964 quadantenus
648 2879 942 2962 repraesentaret.
970 2866 1192 2961 =Cujusmodi
1213 2861 1308 2955 conjec-

355 2998 440 3053 tura
466 2985 505 3054 in
527 2981 622 3054 illud
650 2977 813 3078 quoque*
833 2979 960 3052 forsan
989 2987 1168 3056 convenit
1200 2978 1308 3052 frustuu

357 3116 484 3188 costae,
502 3097 609 3196 quod
622 3097 670 3170 ab
690 3097 852 3170 lentilio
873 3099 928 3197 (a)
956 3100 1053 3170 intra
1069 3101 1222 3173 alterum
1233 3115 1308 3166 aneu·

356 3242 480 3314 rysma
494 3231 688 3316 repertum
702 3215 871 3315 legimus.

405 3333 461 3408 25.
484 3339 579 3406 Cave
598 3349 725 3404 tamen
743 3334 874 3404 credas
900 3359 960 3404 me
982 3357 1116 3407 omnes
1140 3333 1309 3408 arteriarum

353 3453 429 3525 sive
452 3451 630 3538 leviores„
657 3453 733 3522 sive
764 3453 953 3548 graviores
979 3455 1170 3524 erosiones
1187 3461 1308 3546 repetere

353 3569 400 3642 ab
416 3568 665 3642 ossiculorum
681 3570 888 3666 asperitate.
908 3573 992 3639 Haec
1012 3571 1118 3641 enim
1130 3565 1309 3643 sicutiinter

347 3739 1304 3770 ..Μ-Ἣ

392 3852 437 3931 (1)
457 3854 532 3910 Hist.
548 3854 585 3911 de
598 3813 710 3912 l’acad.
727 3857 800 3932 Ray.
813 3855 865 3912 des
880 3858 927 3914 Sc.
940 3860 979 3918 A..
991 3877 1082 3932 1700,
1099 3861 1162 3932 obs.
1173 3866 1239 3918 anat.
1249 3851 1269 3907 6.

392 3953 436 4033 (a)
456 3955 533 4030 Eph.
549 3957 586 4012 N.
604 3957 636 4011 C.
653 3965 729 4013 rent.
749 3976 779 4030 1,
794 3956 859 4014 obs.
873 3957 926 4034 96,
942 3977 972 4014 n.
989 3966 1035 4030 14.
