2824 4668
289 463 361 540 308
459 488 506 536 ur
532 485 679 536 sturnos
704 486 749 534 rr
774 485 898 535 cuusrs
923 485 1146 537 nonroeuu
1183 517 1186 526 ·

288 605 377 654 cum
393 579 562 654 medicos
580 603 740 651 monere
756 579 834 676 jam
857 594 939 650 tum
963 582 1158 680 coepisset,
1182 595 1228 654 ut
1247 607 1305 653 ca·

284 718 565 808 verent3videri
579 719 682 790 euim
692 717 915 815 imposuisse
926 717 1208 814 ejusdemmodi
1219 743 1306 790 con-

284 837 472 910 cretiones
491 837 536 908 iis
559 836 626 933 qui
650 859 690 908 se
720 835 821 906 iutra
842 849 907 906 aut
933 837 1127 925 cranium,
1149 839 1216 908 eut
1241 861 1305 906 cor

282 977 429 1028 vermes
456 951 759 1052 deprehendisse
781 947 1038 1042 affirmarent,
1064 955 1150 1026 satis
1172 953 1303 1025 mirari

284 1097 365 1144 non
383 1095 609 1171 possumus,
636 1061 779 1168 egregii
796 1071 868 1142 viri
888 1071 1035 1142 monita
1054 1095 1180 1169 usque
1207 1072 1301 1144 adeo

285 1184 399 1269 fuisse
417 1188 610 1286 neglecta,
626 1200 691 1258 aut
709 1182 904 1258 oblivione
924 1185 1077 1277 obruta,
1094 1203 1138 1260 ut
1148 1189 1200 1262 ab
1216 1189 1302 1260 doc·

283 1307 332 1378 tis
351 1306 581 1404 caeteroquin
597 1302 845 1402 scriptoribus
860 1329 902 1378 ea
919 1307 1081 1402 posteris
1100 1307 1297 1380 traderen-

282 1439 364 1512 tur,
381 1449 464 1522 quae
483 1423 523 1494 in
540 1421 809 1520 Sepulchret0,
825 1447 875 1494 ne
895 1447 1075 1521 vagemur
1089 1424 1224 1516 latius,
1237 1451 1297 1499 oc·

284 1556 454 1614 currunt.
472 1545 590 1640 Leges
607 1540 730 1628 enim,
751 1541 913 1639 exempli
922 1543 1061 1637 gratia,
1076 1542 1238 1615 Vidium
1244 1548 1298 1641 ju·

283 1660 436 1732 niorem·
451 1658 508 1757 (1)
527 1655 771 1743 scribentem,
793 1681 831 1728 se
851 1657 1035 1731 audivisse
1056 1659 1104 1732 ab
1127 1660 1297 1732 homini·

280 1776 360 1851 bus·
370 1775 448 1850 fide
460 1775 606 1874 dignis,
623 1775 690 1872 qui
704 1773 890 1873 pestiferis
906 1773 1075 1879 febribus
1087 1780 1295 1878 interemp-

280 1907 340 1969 tos
360 1895 593 1981 dissecuere,
618 1916 763 1966 vermes
788 1891 997 1991 aliquando
1017 1899 1057 1964 in
1075 1899 1294 1969 ventriculis

281 2013 407 2086 cordis
419 2014 542 2106 fuisse
562 2015 717 2108 genitos.
748 2009 820 2082 Sed
845 2035 925 2082 non
950 2011 1051 2110 leges
1079 2015 1294 2111 quaesivisse

281 2130 330 2207 ab
350 2129 441 2218 illis,
463 2153 541 2226 quo
553 2131 731 2204 ,examine
743 2127 822 2216 usi,
837 2152 1022 2202 vermesa
1043 2134 1295 2207 concretioni-

281 2246 355 2320 bus
385 2242 693 2318 vermiformibus
718 2243 985 2348 distinxissent.
1020 2251 1137 2346 Leges
1164 2253 1294 2349 Spige-

279 2363 374 2436 lium
390 2361 443 2460 (u)
455 2362 494 2432 in
509 2358 648 2432 femina
664 2362 782 2432 macie
802 2357 993 2452 confecta,
1013 2380 1183 2460 quatuor
1203 2365 1292 2438 lum·

281 2480 403 2552 brieos
421 2493 570 2566 teretes,
590 2477 790 2576 spithumae
801 2484 917 2550 unius
930 2479 1167 2577 longitudine
1181 2509 1291 2584 repe·

273 2597 392 2686 risse,
408 2603 477 2696 qui
492 2601 531 2666 in
544 2600 666 2694 iprsum
686 2611 855 2666 truncum
873 2622 984 2670 venae
995 2614 1126 2698 portae
1145 2625 1186 2672 se
1207 2608 1293 2674 tirsi-

281 2729 506 2802 nuaverant,
523 2737 570 2784 ac
589 2719 661 2786 toti
677 2720 832 2812 corpori
849 2713 1020 2786 alimenti
1040 2716 1188 2790 aditum
1208 2721 1292 2792 obs-

280 2845 492 2935 truxerant.
512 2830 586 2904 Sed
596 2831 768 2928 quamvis
776 2831 879 2929 apud
890 2833 1099 2932 Spigelium
1113 2835 1292 2936 ipsum(3)

277 2948 377 3024 hanc
387 2949 691 3022 observationem
700 2971 967 3048 recognoscam
978 2950 1124 3025 ridebis
1132 2954 1290 3050 quidem

278 3093 361 3142 eam
380 3066 578 3156 habuisse,
595 3089 675 3138 non
693 3064 922 3157 ann01562,
937 3092 1014 3166 quo
1031 3069 1196 3142 necdum
1213 3086 1290 3144 erat

277 3201 408 3276 natue,
430 3184 496 3258 scd
514 3185 615 3274 1601,
640 3209 718 3283 quo
744 3186 807 3264 vix
824 3187 978 3258 tertium
1003 3201 1041 3258 et
1063 3188 1286 3286 vigesimum

277 3300 437 3378 fortasse
464 3304 657 3402 attigerat3
682 3313 907 3401 qua'autem
924 3304 1070 3376 ratione
1088 3305 1286 3405 explorans

276 3417 490 3519 dignoverit
516 3445 627 3492 veros
648 3445 728 3493 esse
749 3445 921 3510 vermes,
938 3446 1018 3492 non
1038 3415 1192 3496 videbis.
1218 3427 1285 3496 Mi·

275 3519 418 3612 raberis
446 3540 574 3636 potius
598 3537 802 3611 credidisse
830 3539 921 3610 illuc
948 3563 995 3611 ex
1025 3542 1194 3614 intestini
1209 3566 1285 3642 per

312 3840 357 3918 (1)
376 3843 410 3896 L.
427 3846 461 3908 4,
477 3855 500 3896 s.
517 3837 629 3908 r‚obs.
648 3838 704 3909 62,
722 3842 798 3910 511.

310 3940 354 4018 te)
375 3941 409 3996 L.
427 3957 459 4008 2,
477 3956 502 3993 s.
518 3956 545 4009 7,
557 3937 607 3996 ob.
625 3937 690 3998 163.

307 4037 352 4115 (3)
371 4041 416 4128 De
427 4037 536 4095 lumbr.
550 4039 628 4106 lato,
643 4057 669 4094 c.
686 4035 715 4094 5.
