2850 4668
228 458 296 507 arr.
325 459 364 505 rr.
393 458 439 506 nr
465 457 600 533 aronms
625 435 826 524 rnonaors,
847 461 958 509 nrrsr.
986 464 1059 509 xxr.
1114 437 1168 512 53·

139 569 185 640 ‘rn
208 555 282 643 hac
300 552 482 644 continuo
501 571 750 670 proferentur.
778 574 985 647 Laesionem
1007 576 1165 673 quidem

137 687 187 756 im·
205 687 358 759 illarum
381 689 625 790 quibusdam,
649 706 685 762 et
704 693 744 760 in
763 691 823 764 his
837 715 918 788 quae
934 709 1162 790 sequuntur,

139 793 332 877 omnibus
342 806 479 904 pleuraa
493 803 662 879 invenies
672 831 758 878 curn
771 808 996 905 pulmonum
1012 809 1166 884 laesione'

137 911 412 1017 co'njunctam3
435 923 499 996 sed
517 919 777 1014 non‘tantam‚
793 939 835 996 ut
853 950 921 1024 per
939 951 977 999 se
997 942 1161 1000 mortem

139 1037 305 1128 afferre,
323 1055 387 1111 aut
404 1055 504 1112 certe
521 1043 638 1138 magis
652 1066 766 1138 quam
782 1041 844 1114 illa
854 1043 1080 1142 pulmonum
1098 1045 1163 1116 lae—

99 1193 102 1198 ·
137 1157 220 1246 sio,
242 1159 445 1256 potuisset,
464 1160 544 1258 ipse
562 1157 807 1231 existimabis..
1027 1169 1030 1178 '

185 1289 257 1373 '²9·
286 1268 431 1346 Ancilla
446 1299 635 1347 annorum
649 1275 901 1374 undeviginti,
922 1277 1037 1376 paulo
1052 1276 1160 1352 hahi-

133 1393 219 1463 tior
231 1387 356 1490 virgo,
375 1408 411 1464 et
425 1391 653 1490 plethorica,
667 1393 812 1464 dunin
826 1397 1162 1493 menstruisesset,

134 1533 228 1606 quae
253 1535 274 1580 a
297 1499 417 1581 tribus
433 1510 510 1605 jam
529 1509 722 1582 mensibus
741 1511 891 1609 parcius
915 1537 1028 1610 quam
1048 1528 1158 1592 antea

132 1629 346 1724 provenire
361 1642 649 1720 consueverant,
660 1651 815 1700 exaurae
832 1626 974 1726 frigidae
992 1653 1155 1702 occursu

133 1757 323 1842 correpta·
344 1759 399 1817 est
417 1757 610 1840 pungente
634 1745 798 1841 pectoris
820 1745 971 1833 dolore,
1000 1760 1037 1816 et
1056 1743 1153 1816 diffi·
1248 1801 1253 1806 .

105 1859 204 1929 2citi
234 1857 492 1955 respiratione.
529 1859 636 1930 Fixus
660 1859 824 1930 haerebat
856 1861 886 1930 is
916 1860 1028 1932 dolor
1056 1851 1155 1933 infra

128 1998 347 2046 mammam
365 1975 569 2062 sinistram,
593 1989 633 2045 et
655 1973 847 2072 tangendo
868 1973 1089 2072 augebatur,
1109 1991 1153 2048 ut

133 2091 285 2162 cubare
304 2093 343 2160 in
362 2091 401 2161 id
418 2091 514 2162 latus
532 2115 610 2161 non
628 2091 892 2166 liceret-Illam
908 2107 962 2164 est
976 2093 1015 2162 in
1031 2097 1152 2164 Bono-

130 2209 273 2280 niense
285 2209 547 2280 nosocomium
560 2211 593 2278 S.
606 2207 730 2278 Mariae
743 2206 789 2278 de
804 2222 936 2295 morte,
947 2222 1150 2306 postquam

132 2325 248 2396 domi
266 2349 361 2397 vena
386 2339 483 2397 secta
506 2323 627 2396 fuerat
648 2323 795 2395 brachii
817 2323 943 2397 lateris
966 2325 1147 2420 ejusdem.

130 2437 357 2514 Perstabant
369 2440 411 2514 'ea
423 2467 505 2540 quae
518 2443 617 2514 dicta
635 2456 733 2513 sunt.
748 2441 901 2514 Iacebat
917 2442 958 2512 in
977 2440 1144 2528 dorsum.

129 2553 367 2658 Frequentes
379 2575 485 2631 erant
496 2545 647 2658 pulsus,
662 2561 789 2658 parvi,
806 2574 842 2630 et
852 2583 1002 2657 parum,
1019 2561 1050 2659 si
1060 2585 1145 2658 pre·

130 2701 276 2766 meres,
291 2677 416 2774 digitis
430 2678 664 2766 resistentes3
683 2701 753 2749 nec
774 2688 904 2750 tamen¹
925 2677 1143 2774 inaequales:

132 2817 253 2866 sonus
273 2795 380 2892 quasi
393 2793 587 2868 bullientis
600 2794 772 2864 humoris
785 2794 826 2864 in
840 2818 971 2892 aspera
985 2795 1118 2866 arteria
1132 2821 1147 2864 a

131 2909 326 3009 profunda
341 2913 471 3000 tussis,
495 2927 531 2983 et
548 2935 703 3009 prorsus
720 2911 845 2980 irrita:
869 2909 998 3008 lingua
1021 2910 1143 2982 sicca:

129 3027 237 3102 alvus
254 3029 353 3115 laxa,
372 3028 439 3102 sed
454 3031 551 3100 intra
568 3027 739 3100 modum.
758 3032 843 3098 Huc
862 3050 932 3123 per
946 3026 1141 3104 intervalla

132 3141 386 3217 subdelirium
408 3147 570 3218 accessit.
596 3145 754 3244 Sanguis
773 3145 907 3214 missus
934 3167 956 3214 e
982 3141 1139 3214 brachio

131 3259 310 3352 dextero,
326 3287 413 3334 cum
429 3263 679 3360 inspiceretur
701 3275 787 3360 post
804 3259 919 3332 horas
936 3283 1019 3349 sex,
1045 3283 1141 3358 pau·
1197 3281 1200 3287 ·

133 3401 219 3450 curn
238 3403 385 3470 serum,
396 3380 512 3478 idque
528 3381 631 3451 aunei
647 3379 803 3467 coloris,
818 3391 855 3462 et
868 3376 1045 3448 nonnihil
1057 3393 1141 3448 tur·

130 3481 288 3584 bidom,
323 3498 507 3587 ostendit,
539 3512 704 3570 crustam
735 3509 877 3591 autem·
892 3493 1137 3580 crassitudine

132 3609 295 3685 duorum
311 3614 531 3712 digitorum,
551 3614 679 3686 colore
696 3611 811 3700 ssavo,
831 3625 873 3683 ut
891 3611 1039 3684 lardum
1056 3634 1139 3680 ran-

135 3729 260 3803 cidum
277 3727 454 3822 referret,
471 3757 612 3804 corona
632 3734 672 3802 in
687 3756 801 3828 quam
816 3729 1056 3825 assurgebat,
1076 3751 1143 3796 va-

132 3845 183 3917 sis
193 3845 309 3921 latera
321 3850 565 3922 circumcirca
573 3850 789 3948 attingente.
802 3849 890 3936 Quae
900 3857 1023 3917 crusta
1031 3865 1143 3930 ,cum

134 3983 196 4036 vas
211 3966 476 4058 inclinaretur,
492 3967 532 4039 in
547 3967 674 4066 plures
684 3965 842 4038 laminas
851 3985 889 4036 se
903 3961 982 4060 ipsa
993 3957 1145 4057 disjnn-
1247 4065 1249 4069 v

1186 161 1198 256 t
