2816 4668
138 465 207 512 mr.
238 461 279 510 u.
306 462 354 508 nr
379 445 515 508 uounls'
540 457 874 536 rnouto1s2n1usr.
896 461 993 510 xxv1.
1020 437 1091 538 447

85 574 291 656 commodo
320 572 441 646 fuerat
469 545 652 662 obbonin,
679 572 786 670 quod
817 574 973 672 quidem
998 591 1096 652 esset

88 676 333 768 ndnotatione
353 693 522 792 dignum.
535 695 678 764 Verum
693 706 779 763 aute
794 692 923 789 plures
946 717 1095 770 menses

86 813 263 894 laborare
290 799 474 910 carpent,
498 833 570 881 nec
600 823 726 880 tamen
757 809 902 882 assidue
927 814 1095 910 spirandi

87 927 309 1004 difficultate
328 943 365 1000 et
380 943 529 999 tumore
547 940 726 1024 preterea
742 927 952 999 secuudum
972 931 1094 1034 longi·

88 1046 261 1122 tudinem
276 1045 378 1135 colli,
388 1045 560 1144 pulsante
576 1045 617 1114 iu
632 1045 786 1141 regione
800 1047 942 1118 arteriae
959 1054 1093 1122 caroti-

88 1166 147 1240 dis
165 1164 346 1254 dexterae;
374 1185 571 1262 nunquam
596 1162 757 1261 tamen(
777 1164 815 1235 id
843 1166 949 1262 quod
974 1167 1024 1240 ob
1051 1195 1094 1242 ea

86 1307 171 1382 quae
184 1284 227 1354 in
240 1297 389 1362 mortua
399 1281 633 1367 invenimus,
650 1281 870 1380 adnotabis)
887 1281 935 1356 de
949 1285 1094 1378 dolore,

86 1416 242 1498 torpore
270 1415 335 1474 aut
364 1415 512 1472 tumore
544 1398 691 1472 brachii
722 1398 865 1473 dexteri
886 1417 1095 1502 conquesta

87 1531 155 1592 ost
170 1519 344 1608 Quotuor
365 1532 508 1604 nutem,
535 1541 584 1587 an
602 1519 775 1614 quinque
799 1517 941 1592 ultimis
960 1521 1095 1596 diebus

88 1635 136 1708 de
150 1635 311 1708 molesto
327 1633 494 1730 quodam
513 1653 626 1705 sensu
643 1633 876 1730 querebatur
890 1661 969 1707 nou
989 1659 1096 1712 secus

87 1754 173 1826 acsi
183 1767 304 1840 eostae,
319 1765 362 1824 ut
378 1754 458 1848 ipsa
470 1749 844 1840 diceban-abdomen
861 1771 992 1824 versus
1010 1777 1097 1826 con·

88 1869 282 1960 sidereut3
310 1893 397 1940 cum
418 1868 466 1939 de
485 1869 692 1966 improviso
718 1869 816 1938 circa
845 1867 1010 1940 medium
1031 1867 1097 1942 de-

88 1987 282 2063 cembrem
309 1989 399 2058 anui
420 1988 538 2084 1708,
565 1985 733 2085 quodam
753 1987 858 2084 quasi
877 1989 993 2057 animi
1005 1987 1098 2061 deli·

88 2107 183 2204 quio
202 2105 408 2206 prehensa,
438 2119 476 2176 et
506 2129 545 2176 se
568 2106 668 2176 mori
692 2102 901 2195 affirmans,
928 2125 1023 2204 aegre
1049 2105 1097 2180 ab

90 2221 375 2296 accurrentibus
394 2222 618 2295 mulieribus
638 2238 863 2310 sustentata,
883 2224 976 2296 etin
1000 2225 1098 2297 lecto

91 2341 275 2414 collocata
294 2357 369 2430 est,
384 2339 452 2413 ubi
466 2339 559 2414 faeie
576 2341 768 2440 labrisque
792 2343 997 2440 praesertim
1021 2343 1099 2414 livi·

90 2457 171 2547 dis,
190 2456 342 2558 frigida,
358 2459 440 2531 sine
460 2459 647 2548 sensibus,
667 2459 779 2558 pulsu
795 2457 968 2558 perexili,
981 2463 1098 2560 respi-

89 2576 238 2653 ratione
255 2589 381 2650 autem
394 2575 538 2648 difficili
559 2589 596 2649 et
610 2576 733 2670 tenta,
747 2577 857 2650 citius
870 2571 1098 2677 quam'horae'

89 2693 282 2792 quadrans
308 2694 355 2766 ab
382 2696 491 2766 initio
520 2697 733 2794 ingruentis
759 2695 848 2768 mali
869 2697 1099 2794 preteriret,

91 2813 247 2886 excessit
266 2837 287 2885 e
303 2814 388 2885 vita.
409 2813 597 2886 Cadavere
614 2816 804 2913 inspecto,
822 2811 927 2911 quod
951 2813 1113 2886 nullum·

90 2949 252 3026 usquam
263 2931 426 3022 oederna,
449 2947 512 3004 aut
524 2931 626 3004 aliud
643 2931 903 3003 adnotandum
918 2932 1100 3021 exhibuit,

92 3063 279 3122 etventre
294 3063 447 3148 aperto,
462 3051 729 3122 intestinorum
753 3062 878 3145 partes
904 3048 1037 3145 aliquae
1063 3073 1100 3121 se

91 3163 286 3255 obtulere,
310 3169 341 3238 si
361 3167 528 3239 colorem
560 3165 795 3252 attenderes,
822 3167 929 3262 quasi
953 3163 1101 3238 inflam-

94 3297 224 3352 matur:
243 3285 311 3379 qui
329 3285 435 3356 color
451 3309 539 3356 mox
556 3285 667 3356 etiam
687 3285 727 3354 in
750 3297 954 3380 paucreate·
968 3283 1101 3359 obvius

94 3400 175 3470 fuit.
194 3402 382 3474 Attentius
399 3419 523 3474 autem
541 3401 789 3502 inspectando
811 3406 938 3474 tenuia
958 3404 1101 3476 intesti-

95 3541 165 3608 na,
181 3518 223 3586 in
238 3516 378 3590 horum
400 3537 527 3618 parte,
544 3521 591 3593 ad
607 3521 723 3622 palmi
736 3515 921 3610 tractum,
946 3519 1102 3593 minima
1124 3543 1127 3550 ·

96 3633 266 3732 quffldnn
294 3659 415 3735 enque
438 3639 656 3729 innumera,
682 3639 917 3712 subobscure
950 3623 1104 3738 ap'pare·

97 3749 416 3846 banttuberouia,
431 3779 514 3854 quae
526 3755 623 3826 nihil
638 3758 741 3829 aliud
756 3772 881 3843 erant,
896 3755 968 3828 nisi
987 3748 1102 3827 cellu-

99 3869 221 3941 larum
239 3871 401 3962 indicia,
417 3895 498 3972 quae
515 3875 616 3946 inter
635 3897 808 3946 carneam
825 3875 936 3972 eique
955 3871 1104 3968 subjec-

98 4001 176 4058 tam
197 3989 363 4060 tunicam
385 4014 470 4064 aere
490 3991 677 4081 distentae,
694 3993 796 4064 illam
820 3986 1032 4065 extrorsum'
1049 4008 1104 4064 at·
1173 4073 1175 4078 ,
