2850 4668
181 497 249 544 mn.
276 496 318 542 11.
345 495 393 544 DE
418 491 554 544 MORBIS
578 492 776 560 Tttotth,
800 496 913 544 urtsr.
939 500 1013 546 xxt.
1070 501 1108 548 ll

107 613 280 686 traxisset
299 611 396 699 dies,
414 610 512 682 intra
530 607 723 682 octiduum
744 635 789 680 ex
807 635 885 708 quo
903 612 1039 686 ardens
1062 611 1114 687 fe·

104 729 184 804 bris
198 731 581 819 invaserat,mortuus
592 743 660 814 est,
672 732 770 800 circa
782 729 948 802 medium
957 734 1114 831 aprilem

104 851 200 922 anni
224 849 327 948 1706.

151 967 325 1041 Cadaver
339 964 522 1065 postridie
537 967 743 1055 sternimus,
759 969 799 1038 in
820 989 900 1068 quo
919 969 1026 1068 prius
1041 970 1117 1042 lau·

103 1084 270 1160 debilem
295 1083 491 1173 habitum,
518 1082 583 1156 sed
605 1081 737 1156 faciem
758 1099 800 1156 et
821 1086 980 1175 collum,
1008 1101 1050 1158 ut
1077 1087 1117 1158 in

103 1203 366 1302 strangulatis,
392 1202 522 1291 livida,
547 1217 584 1275 et
613 1203 733 1276 livens
749 1227 905 1303 quoque
926 1205 1114 1277 abdomen

91 1319 182 1398 'non
201 1322 251 1394 ad
274 1323 339 1402 ilia
360 1321 495 1411 mod0‚
518 1321 584 1395 sed
609 1322 682 1394 late
704 1324 814 1396 etiam
832 1325 930 1397 circa
948 1322 1117 1398 medium

101 1441 366 1540 spectavimus.
386 1439 587 1512 Pulmones
603 1440 774 1540 undique
795 1441 843 1514 ad
861 1443 1032 1542 pleuram
1052 1441 1119 1513 ad·

100 1556 298 1632 haerebant
316 1575 396 1632 tum
413 1584 481 1658 per
499 1559 753 1648 membranas,
772 1577 853 1632 tum
870 1585 938 1660 per
956 1585 1014 1650 se,-
1037 1575 1079 1632 ut
1095 1585 1117 1632 a

17 1718 21 1728 ·
102 1677 230 1774 primo
259 1677 468 1750 videbatur.
494 1665 689 1751 Verum‘si
708 1679 926 1778 diligentius
948 1677 1117 1752 attende-

102 1819 181 1882 res,
195 1797 296 1868 inter
310 1796 537 1895 pulmonum
548 1797 807 1868 membranam
817 1852 827 1884 ,
836 1819 918 1894 qua
927 1821 1016 1876 sana
1026 1813 1117 1886 erat,

102 1928 140 1985 et
156 1914 333 2012 pleuram
350 1913 445 1984 flava
462 1915 663 2011 tenuisque
685 1913 942 1984 intercedebat
964 1936 1119 1985 concrc-

101 2031 156 2102 tio
176 2032 229 2102 ita
251 2031 448 2130 disposita,
466 2045 509 2101 ut
524 2030 677 2100 alteram
695 2031 920 2101 mentiretur
936 2029 1121 2102 membra·

101 2170 205 2219 nam.
224 2133 321 2218 Cum
335 2146 426 2234 hac,
445 2146 511 2218 ubi
529 2147 752 2244 pulmonem
771 2146 964 2235 evelleres,
987 2145 1120 2246 pleura

102 2264 185 2362 ipsa
205 2264 307 2337 ultro
320 2263 559 2362 sequebatur.
574 2265 721 2336 Sinistri
732 2264 926 2362 pulmonis
942 2263 1054 2337 lobus
1066 2269 1121 2336 in-

105 2378 222 2454 ferior
242 2381 472 2482 praegrandis
495 2397 532 2453 et
551 2383 690 2480 gravis,
715 2397 894 2480 totusque
912 2382 1060 2471 durior,
1082 2399 1120 2455 et

103 2497 315 2600 hepaticam
336 2499 584 2572 substantiam
597 2497 773 2572 referens.
791 2500 958 2598 Reliquae
971 2501 1119 2598 pulmo
1226 2589 1228 2593 ι

104 2641 195 2690 num
212 2635 338 2718 partes
354 2641 434 2690 non
447 2618 694 2690 illaudabiles.
711 2622 757 2687 In
771 2619 983 2715 pericardio
1000 2619 1120 2691 multa

104 2759 199 2833 aqua
226 2735 394 2809 subflava
415 2751 451 2808 et
469 2725 631 2807 turbida.
650 2741 694 2805 In
720 2736 876 2834 singulis
899 2735 1024 2808 cordis
1043 2739 1119 2808 ori-

102 2848 214 2944 ficiis,
240 2871 278 2928 et
302 2855 481 2926 auriculis
498 2854 688 2953 polyposae
704 2857 995 2934 concretiones
1025 2879 1118 2952 quas

104 2970 200 3044 inter
219 2975 379 3044 maxima
400 2997 482 3071 quae
500 2974 539 3044 in
564 2972 729 3092 auricula
754 2972 927 3060 dextera,
948 2972 1037 3042 inde
1061 2997 1118 3043 ra-

106 3110 185 3162 mos
201 3092 431 3190 promittens
456 3091 495 3162 in
521 3073 626 3189 ipsas
642 3110 792 3188 usqueJ
778 3090 971 3188 jugulares
992 3111 1118 3162 venas.

104 3206 146 3276 ln
164 3225 297 3282 ventre
319 3235 357 3282 se
379 3211 611 3308 praecaeteris
632 3207 846 3284 offerebant
867 3229 989 3280 crassa
1006 3209 1120 3280 intes·

108 3323 179 3396 tina
189 3329 364 3427 ,quippe
378 3353 464 3400 aere
475 3327 646 3426 turgida
642 3307 723 3432 Sed
741 3327 861 3424 magis
880 3327 1119 3399 attendendae

107 3437 184 3513 imae
197 3445 263 3516 ilei
279 3461 423 3544 partes,
443 3471 526 3544 quae
544 3445 591 3516 ad
612 3469 772 3562 magnos
788 3460 931 3518 tractus
948 3445 1120 3542 undique

109 3579 150 3627 ex
166 3578 250 3634 atro
262 3563 452 3636 rubebant
462 3543 715 3662 ,sanguileris
728 3564 826 3635 vasis
845 3551 924 3634 non
948 3586 1056 3635 secus
1077 3589 1120 3633 ac

109 3693 190 3768 post
206 3681 382 3776 injectam
396 3681 601 3753 coloratam
621 3705 770 3770 ceram,
789 3655 1117 3754 manifestissimis:

111 3797 225 3884 gravis
243 3814 369 3872 autem
388 3814 468 3872 erat
482 3799 603 3902 odor,
615 3799 735 3896 qualis
748 3799 843 3870 solet
858 3801 1048 3870 intestinis
1060 3800 1120 3868 in-

111 3905 312 3990 flammatis.
328 3923 453 4015 Hepar
467 3916 685 4004 subalbum,
700 3918 772 3988 nisi
784 3916 889 4013 quod
898 3915 945 3986 ad
958 3913 1119 3986 limbum

109 4020 317 4125 livescebat,
327 4039 430 4108 intus
439 4037 669 4133 variegatam
681 4035 880 4106 marmoris
891 4035 1018 4104 instar.
1028 4034 1118 4130 Ejus
