2824 4668
174 409 249 461 tm.
277 407 316 460 11.
346 409 392 462 un
419 407 1037 477 uoumsruonsc.1s,nrrsr.xx1v.
1066 395 1133 469 ¹3111

113 519 263 622 losque
273 526 512 619 mentientia.
533 527 580 604 At
598 525 699 596 enirn
722 525 846 600 adhuc
864 542 964 616 erat,
991 532 1139 630 inquis,

118 650 236 732 uivus
250 643 281 714 is
288 635 451 731 termis,
469 667 584 740 quem
597 643 637 714 in
651 643 862 739 pericardio
872 644 1046 721 ‘hominis
1058 649 1139 720 rto„

118 761 284 850 rentini,
294 758 417 832 subita
431 774 554 834 morte
566 745 739 848 ertincti,
751 759 887 835 medici
903 781 1144 862 repererunt·

118 879 222 969 Quis
241 877 316 950 hoc
330 877 409 950 ait?
426 881 555 952 Petrus
566 875 858 976 Sphererius(1)
876 879 947 956 sed
958 881 1139 965 ederatne

119 997 205 1093 ipse
221 997 343 1086 {Non
361 995 520 1067 videtur.
535 999 597 1082 ,Au
610 997 641 1068 is
657 997 724 1093 qui
741 998 907 1070 narravit
918 997 933 1067 l
946 1003 1002 1073 Ne
1012 999 1051 1072 id
1062 1003 1140 1100 qui·

120 1113 229 1186 dem.
244 1113 422 1186 Bononiae
440 1111 646 1212 degebam,
661 1137 752 1188 cum
771 1139 903 1192 rumor
922 1113 1019 1192 forte
1032 1142 1139 1216 spar-

116 1255 186 1306 sus
205 1246 283 1321 est,
300 1229 495 1304 nonnullis
511 1232 620 1330 equis
639 1231 779 1304 nobilis
793 1233 883 1322 viri,
897 1235 965 1331 qui
981 1251 1138 1334 repente

118 1351 271 1422 mortui
291 1349 558 1438 conciderant,
575 1348 769 1438 dissectis,
788 1350 945 1432 lacertas
962 1352 1138 1454 multipe-

119 1465 192 1542 des
210 1469 253 1538 in
272 1491 403 1540 eorum
422 1466 601 1540 cordibus
614 1464 727 1542 fuisse
745 1467 1011 1567 deprehensas.
1032 1471 1140 1545 Ride-

120 1584 224 1658 bant
243 1583 353 1657 docti.
375 1583 579 1656 semidocti
601 1598 728 1656 tamen
746 1611 824 1656 non
844 1585 1017 1674 deerant,
1045 1615 1138 1686 quo·

119 1728 218 1776 rum
239 1703 376 1800 partim
399 1701 438 1772 id
453 1697 537 1770 fieri
553 1723 664 1797 posse
681 1700 985 1792 contenderent,
1001 1708 1138 1800 partim

119 1820 336 1907 adderent,
357 1834 395 1890 et
422 1818 570 1890 rumori
601 1814 844 1915 attingerent,
869 1818 1032 1892 ¹lacertas
1056 1819 1139 1901 illas

119 1963 212 2012 non
230 1938 310 2009 sine
330 1951 440 2006 motu
468 1948 505 2006 et
525 1934 599 2006 vita
623 1931 737 2007 fuisse
761 1935 942 2024 inventas.
970 1934 1029 2008 tbi
1052 1937 1140 2008 Val-

124 2055 250 2142 salva,
266 2051 359 2150 quid
378 2047 634 2150 disputatione
649 2075 749 2151 opus
761 2052 849 2138 est?
864 2053 999 2149 inquit.
1013 2047 1140 2129 Lucer

124 2188 185 2242 tas
214 2171 302 2243 istas
321 2169 574 2266 inspiciamus.
600 2173 763 2244 Mortuo
778 2169 893 2270 igitur
920 2194 1009 2243 mox
1038 2196 1139 2270 equo

122 2286 206 2357 ¹ulio
227 2288 267 2358 in
284 2285 418 2376 eodem
435 2284 604 2376 stabulo,
624 2285 671 2357 ad
691 2285 867 2360 eumdem
888 2287 1047 2358 modum
1062 2289 1137 2364 ins-

120 2406 326 2504 peximus3
347 2429 417 2478 nec
434 2403 553 2502 longo
569 2405 740 2478 examine
759 2427 856 2503 opus
869 2401 960 2493 fuit,
982 2420 1023 2476 ut
1041 2405 1139 2484 nihil

120 2521 231 2596 aliud
257 2545 355 2610 esse,
377 2545 493 2620 quarn
515 2521 718 2620 polyposas
732 2523 998 2596 concretiones
1032 2547 1137 2620 pers-

121 2641 362 2738 piceremuS‚
380 2663 464 2737 quae
483 2641 711 2712 exteriorem
729 2641 953 2714 lacertarum
976 2638 1137 2716 formum

121 2758 390 2864 quadantenus
404 2757 658 2831 imitabantur.

174 2881 313 2950 Utrum
329 2877 517 2950 existimas
529 2875 701 2964 tandem,
719 2873 946 2948 lumbricos
938 2900 978 2944 in
992 2876 1139 2971 sangui-

121 2993 214 3071 feris
226 2995 337 3083 vasis,
349 3009 387 3066 et
404 2993 546 3066 corde
538 2996 700 3074 inveniri
690 2989 790 3064 fato
802 2989 970 3090 quodam
983 2987 1138 3067 histem·

123 3111 436 3211 poribusdesuos
448 3111 630 3199 csselan
644 3109 828 3182 siCoitcri
845 3119 989 3180 monita
1002 3130 1048 3179 ex
1059 3101 1137 3180 nla-

122 3235 253 3327 iorum
274 3233 400 3302 animo
419 3255 499 3304 non
518 3228 765 3313 excidissent,
783 3249 863 3298 non
878 3225 1012 3322 saepius
1030 3224 1136 3317 illos,

125 3375 240 3446 quam
253 3364 447 3448 posteros,
458 3347 665 3420 lumbricos
677 3346 717 3414 in
728 3341 913 3441 ejusmodi
922 3343 1015 3434 locis
1026 3339 1137 3419 luisse

125 3467 381 3537 inventuros?
406 3465 477 3537 Sed
500 3491 548 3536 ne
566 3461 663 3534 forte
682 3451 881 3560 suspiceris
901 3461 1063 3534 amede
1083 3463 1139 3532 in·

128 3585 270 3655 dustria
288 3608 367 3654 esse
385 3581 540 3668 factum,
557 3597 600 3652 ut
619 3580 666 3650 ab
682 3581 726 3651 iis
744 3603 826 3677 quae
837 3582 876 3649 in
889 3577 1136 3684 Sepulchreto

129 3717 235 3790 sunt,
262 3695 598 3772 observationibus
614 3721 693 3768 non
713 3695 930 3768 recederem
951 3695 1027 3764 sive
1054 3690 1139 3779 hic,

130 3871 1133 3906 ...mm-mm

169 3984 212 4062 (r)
234 3985 306 4042 Obs.
321 3986 371 4042 cit.
386 3986 401 4052 ς
418 4001 443 4038 r.
