2850 4668
333 439 377 536 78
479 457 540 506 ‘os
565 453 710 524 sturnus
735 455 779 504 rr
804 453 927 502 crusis
953 445 1163 504 udnaonurr

294 585 296 592 ’
335 573 533 646 saniosum.
553 573 597 639 ln
622 584 785 666 utroque
804 567 1003 667 pulmones
1025 566 1141 642 ferme
1163 571 1338 674 undique

334 689 381 762 ad
395 689 576 788 parietes,
592 711 656 758 eos
669 689 778 758 etiam
788 711 886 784 quos
902 687 1145 787 diaphragma
1156 688 1263 782 facit,
1274 693 1338 770 ad·

245 787 248 797 λ
335 808 540 892 herentes,
561 806 708 876 sinister
733 806 885 901 quidem
906 807 1092 878 anteriore
1110 805 1202 882 facie
1219 835 1288 908 per
1297 810 1339 882 fi-

333 927 497 996 lamenta
517 922 827 1009 duntaxat3idem
841 937 964 997 amem
982 925 1132 1022 pulmo,
1152 943 1189 998 ot
1205 927 1338 1002 dexter

336 1065 507 1140 quoque,
527 1021 674 1137 reliquo
705 1041 983 1137 propemodum
1004 1057 1087 1114 toto
1105 1043 1251 1116 ambitu
1270 1069 1338 1143 per

306 1161 566 1258 ⁸jinterjectam
576 1181 735 1228 crassam
746 1158 947 1261 quamdam
957 1161 1063 1257 quasi
1075 1161 1336 1234 membranam

335 1296 414 1346 non
432 1271 546 1345 modo
559 1274 762 1346 arctissime
779 1278 958 1364 connexi,
970 1276 1034 1348 sed
1050 1278 1336 1374 quodammodo

255 1445 257 1457 .
336 1393 447 1464 etiam
457 1393 620 1462 connati.
634 1395 716 1462 Haec
731 1392 949 1465 membrana
963 1393 1063 1482 alba,
1081 1401 1210 1485 tenax,
1224 1391 1337 1470 etali-

336 1509 424 1580 cubi
442 1511 503 1580 vix
516 1507 672 1578 dimidio
690 1509 816 1581 minus
830 1535 968 1600 crassa,
990 1536 1103 1608 quam
1118 1513 1258 1614 digitus
1272 1541 1337 1586 au-

335 1626 537 1737 ricularisa
556 1624 717 1696 ‹leuteris
727 1625 879 1724 quidem
892 1654 902 1716 3
915 1627 1204 1703 namasinistris
1216 1631 1336 1702 multo
1410 1629 1411 1634 ’

335 1745 461 1814 minus
470 1757 551 1813 tum
566 1742 672 1830 alba,
688 1759 768 1814 tum
783 1753 903 1816 'crassa
916 1749 994 1816 erat
1005 1771 1015 1832 ;
1027 1745 1227 1842 pulmones
1239 1771 1335 1844 quos

333 1863 371 1930 vi
397 1885 547 1936 necesse
576 1876 654 1931 erat
680 1861 858 1950 avellere,
892 1862 1129 1959 sequebatur.
1157 1863 1335 1936 tamdem

279 2066 281 2072 Α
333 1995 461 2050 tamen
478 1980 508 2050 si
526 2004 547 2050 a
565 1978 832 2076 pulmonibus,
862 1980 966 2076 quod
987 1977 1093 2052 facile
1114 1996 1213 2069 orat,
1230 2005 1336 2080 sepa-

334 2118 458 2185 rares,
492 2121 623 2169 eorum
650 2096 908 2169 membranam
939 2097 1089 2170 subesse
1115 2098 1267 2172 illaesam
1297 2115 1334 2172 ot

334 2218 518 2311 integram
536 2212 799 2312 perspiciebas.
832 2219 964 2310 Itaque
984 2215 1154 2312 pleuram
1179 2241 1260 2290 osse
1281 2215 1335 2290 di·

333 2334 466 2419 xisses,
487 2331 558 2402 nisi
582 2356 603 2402 a
624 2333 782 2403 sinistris
806 2355 931 2403 sanam
958 2349 994 2404 et
1020 2335 1203 2434 integram
1230 2337 1336 2434 pleu-

333 2471 413 2520 ram
446 2469 511 2520 sua
531 2448 572 2517 in
596 2447 682 2520 sede
709 2449 884 2522 restitisse
911 2451 1247 2541 animadverteres,
1269 2477 1336 2551 per

231 2631 236 2642 .
308 2567 1337 2668 ¹quamproximitranspiciebanturintercostalesmut·

334 2685 422 2773 culi,
433 2685 535 2780 iique
546 2684 868 2781 potiusrubentes.
883 2690 913 2757 A
926 2683 1215 2776 dextris-tamen,
1232 2689 1334 2786 pleu-

331 2825 381 2873 rae
394 2801 497 2890 loco,
512 2800 730 2875 membrana
742 2803 856 2876 altera
866 2803 1177 2902 apparebatillius
1188 2787 1334 2895 similis,

330 2921 402 2992 nisi
416 2919 526 3018 quod
545 2921 806 3018 paulominus
819 2939 899 2994 erat
917 2947 1056 3012 crassa,
1077 2945 1158 3020 quae
1178 2925 1269 2996 inde
1288 2925 1334 2996 si-

329 3039 409 3110 mul
426 3063 512 3110 cum
527 3038 709 3136 pulmone
729 3039 852 3111 avulsa
861 3043 937 3136 jam
951 3039 1090 3128 fuerat3
1110 3065 1223 3140 quam
1243 3042 1335 3114 alte«

329 3181 409 3229 ram
435 3155 693 3228 membranam
712 3159 742 3228 si
763 3155 980 3230 detraheres
989 3211 1001 3245 ,.
1018 3158 1165 3231 albidus
1180 3158 1333 3233 subesse

328 3274 586 3348 intercostales
599 3276 790 3347 musculos
810 3276 1089 3374 conspiciebas;
1110 3291 1151 3348 ut
1168 3259 1231 3348 hic
1253 3279 1334 3375 qui·

329 3377 562 3491 dem'pleura
578 3393 713 3470 ‚morbi
722 3396 760 3464 vi
781 3395 939 3466 crassior
954 3389 1047 3466 facta
1059 3395 1179 3466 videri
1191 3411 1331 3492 posset.-

305 3515 374 3582 ·At
386 3511 520 3609 pleura
535 3525 737 3607 certe‚qua
749 3515 913 3608 pectoris
931 3515 1142 3585 musculum
1163 3516 1332 3611 triangu-

325 3629 442 3701 larem
460 3629 664 3700 dexterum·
675 3629 885 3728 operiebat,
900 3622 1170 3728 semicorrupta
1182 3646 1282 3719 erat,
1297 3643 1333 3702 et

325 3746 397 3818 levi
416 3747 622 3845 digitorum
642 3741 790 3818 alfrictu
808 3735 1052 3820 lacerabatur.
1073 3752 1108 3820 Is
1121 3747 1333 3834 inflamma-

178 3869 181 3877 '
270 3935 272 3938 ,
324 3879 385 3936 tus
399 3881 478 3936 erat
495 3865 687 3936 musculus
705 3892 713 3934 ε
733 3865 797 3936 sed
817 3857 1007 3940 et'carnea
1025 3890 1111 3964 pars
1128 3865 1332 3964 diaphrag-

324 3982 449 4070 matis‚
464 4005 547 4078 quae
564 3983 742 4079 utrinque
762 3981 876 4079 hujus
904 4000 1035 4056 centro
1058 3987 1331 4083 propiorem,
