2816 4668
181 467 249 512 ms.
278 466 318 514 11.
347 465 394 512 nr
420 459 556 510 nonem
577 461 775 529 rnoasors,
801 465 913 511 rrrsr·
941 466 1023 512 xxv.
1053 441 1123 528 413

109 580 212 652 alius
227 590 422 677 empyerna
436 565 524 675 aegri
543 575 789 665 diuturnum,
806 577 900 649 alius
920 590 1126 678 consump-

114 697 258 770 tionem
278 696 457 794 paulatim
478 693 632 779 factam,
648 694 740 764 alius
755 694 935 784 morbum
953 697 1124 794 longum,

116 837 189 886 neo
206 815 314 913 plura
327 813 566 884 indicarunt:
587 799 806 910 quanquam
826 813 856 882 si
870 813 1000 910 pulsus
1009 808 1124 886 inter·

116 933 328 1019 misissent,
348 945 413 1000 aut
426 931 577 1000 animus
598 926 761 1000 deficere
785 947 1021 1020 consuesset,
1043 957 1125 1004 cre·

118 1047 235 1118 dibile
252 1063 307 1120 est
335 1072 468 1120 eorum
488 1047 652 1143 aliquem
670 1045 709 1118 id
729 1045 848 1118 verbo
866 1048 995 1144 saltem
1011 1046 1123 1122 fuisse

119 1161 427 1262 significaturum.
457 1162 570 1254 Quod
600 1163 660 1234 vel
694 1164 812 1260 magis
838 1164 885 1235 de
913 1165 1123 1242 Marchetto

116 1297 249 1353 nostro
267 1281 379 1352 credo
395 1336 405 1370 ,
423 1306 503 1352 non
522 1285 742 1368 Domestica,
760 1279 825 1352 sed
844 1285 954 1352 Petro
977 1285 1123 1381 equite,

118 1399 200 1494 ejus
219 1414 393 1497 parente;
422 1425 510 1472 nam
534 1399 776 1486 DominicuS,
803 1399 871 1470 etsi
898 1401 977 1494 ejus
1004 1426 1123 1500 opera

119 1517 366 1613 chirurgicos
389 1540 528 1612 magno
551 1517 733 1611 scriptore
755 1515 901 1586 laudari
927 1517 1059 1608 video,
1086 1534 1124 1592 et

103 1631 190 1706 ,fuit
206 1633 293 1706 sane
311 1633 482 1709 medicus
496 1647 533 1702 et
556 1631 757 1728 chirurgus
775 1631 1050 1722 nobilissimus,
1067 1639 1123 1704 ni-

117 1750 175 1820 hil
200 1765 325 1822 tamen
348 1749 421 1822 nisi
446 1752 689 1820 anatomiam·
709 1746 965 1835 ediditsuam.
993 1754 1123 1845 Itaque

47 1890 51 1898 ’
104 1869 320 1940 renisum
335 1863 1020 1960 Observationesmedico-chirurgiam,
1036 1891 1125 1962 qua-

118 2011 205 2060 rum
223 1985 285 2056 illa
301 1999 357 2056 est
374 1988 489 2054 XLVI
505 2007 589 2079 quae
608 1982 716 2054 ulcus
741 1983 923 2080 proponit
947 1983 994 2054 ad
1015 1985 1124 2058 sin-is-

105 2117 216 2176 trum
233 2101 496 2198 usquecordis
518 2124 667 2172 caveam
684 2101 925 2198 perveniens,
948 2117 984 2172 et
1008 2101 1123 2174 modo

122 2219 297 2290 indicatis
310 2219 468 2290 Feruelii
486 2233 525 2290 et
543 2218 778 2289 Trincavellii
802 2215 1126 2293 observationibus

125 2338 306 2408 continuo
322 2336 522 2432 subjicitur
538 2337 563 2429 §
587 2337 627 2423 3,
646 2335 710 2407 sed
721 2336 829 2408 aliter
846 2351 959 2434 atque
976 2338 1023 2410 ab
1041 2363 1124 2410 auc·

1 2433 2 2442 ¹
108 2467 204 2524 ¹tore
217 2453 355 2550 scripta
371 2468 436 2526 est.
452 2454 525 2542 Qui
542 2478 631 2524 cum
646 2455 779 2550 praeter
791 2455 968 2542 maciem,
980 2457 1124 2546 febrim
1182 2529 1185 2536 ,

119 2594 293 2667 quoque,
318 2585 355 2641 et
376 2575 513 2652 virtum
537 2569 826 2642 imbecillitatem
848 2589 1123 2663 enumerasset,

105 2703 162 2762 .ut
180 2688 364 2758 rationem
381 2686 575 2777 redderet,
595 2713 663 2758 cur
678 2686 954 2762 fistulosiillius
974 2691 1124 2781 ulceriS,

103 2806 235 2884 ,sterni
253 2805 391 2876 vulnus
410 2805 545 2893 secuti,
563 2804 670 2876 nulla
686 2831 752 2903 spe
769 2805 902 2878 salutis
917 2822 1125 2880 tentaretur

118 2924 282 3011 curati03
300 2947 380 2994 non
396 2921 547 2994 videtur
565 2922 732 3019 deliquia
746 2937 782 2992 et
794 2923 924 3018 pulsus
936 2925 1124 2995 intermis-

119 3042 282 3128 sionem,
296 3042 326 3112 si
340 3038 517 3128 fuissent,
538 3040 865 3137 praetermissurus.
880 3043 958 3110 Nec
978 3039 1123 3128 dubito,

103 3147 214 3256 .qui'n
249 3157 440 3230 Hollerius
464 3182 639 3254 quoque,
668 3159 698 3227 si
725 3155 787 3225 itta
816 3155 1122 3236 archidiaconum

115 3291 333 3364 vexassent,
361 3277 427 3372 qui
459 3277 668 3346 abscessum
701 3281 739 3344 in
767 3273 889 3345 cordis
917 3277 1124 3350 substantia

103 3381 299 3480 habebat}
312 3407 349 3464 et
364 3389 562 3463 mulierem
570 3415 658 3490 quae
675 3390 830 3480 multos,
850 3394 901 3463 sic
919 3408 1123 3493 utrumque
1208 3375 1212 3382 i

103 3565 106 3578 .
118 3506 248 3582 fuisset
262 3511 302 3579 in
315 3507 466 3580 scholiis
476 3509 524 3580 ad
539 3533 650 3596 suum
670 3524 787 3606 caput
795 3509 842 3580 de
854 3535 1015 3608 syncope
1024 3537 1126 3582 com·x

115 3640 416 3715 memoraturuS,
447 3642 490 3698 ut
523 3625 570 3697 ad
602 3628 818 3724 proximum
852 3641 1125 3700 memoraverat

118 3758 232 3842 caput
249 3743 302 3841 (1)
323 3744 370 3815 de
391 3743 513 3814 cordis
523 3741 801 3840 palpitatione,
820 3769 901 3840 quae
927 3745 1012 3815 illos
1034 3742 1124 3814 affli-

157 4001 203 4078 (1)
225 4000 667 4078 29,libri2demorh·intern.
695 4039 698 4046 ,
750 4035 753 4042 ·
