2824 4668
307 455 378 530 300
472 475 518 524 nn
545 475 691 526 sumnus
715 477 759 524 nr
785 475 908 522 ciusts
927 473 1143 524 morcon-uu

305 593 425 692 magis
437 591 548 664 etiam
569 592 776 663 introrsum
792 588 1154 688 protuberantibus3
1174 592 1318 665 utrius·

305 736 381 810 que
395 711 528 810 pulsus
543 707 698 782 fuerunt
715 708 875 800 debiles,
894 732 989 782 anus
1010 710 1118 807 parvi
1137 709 1317 809 insuper,
1402 795 1403 804 ἵ

304 829 477 901 neutrius
494 829 792 900 intermittentes.

355 970 412 1018 ao.
434 947 544 1016 Nunc
562 943 717 1042 quando
736 943 879 1014 mentio
893 939 988 1013 facta
1002 941 1115 1015 estde
1129 941 1315 1042 pulsuum

301 1063 601 1152 intermissione,
614 1086 696 1159 quae
707 1061 767 1134 vel
785 1060 901 1158 magis
918 1084 1031 1158 quam
1051 1085 1189 1132 eorum
1213 1061 1316 1133 exili·

303 1195 360 1254 tas
387 1193 452 1250 aut
476 1175 664 1268 debilitas,
692 1177 739 1250 ad
766 1177 986 1276 aspbyxiam
1010 1177 1154 1250 accedit
1185 1177 1317 1277 (quid

304 1297 405 1370 euim
419 1297 647 1370 intermissio
660 1311 716 1369 est
727 1295 849 1384 aliud,
861 1297 933 1367 nisi
947 1296 1126 1394 asphyxia
1138 1294 1314 1368 brevissi·

302 1439 385 1502 ma,
401 1428 463 1486 aut
482 1413 573 1511 quid
593 1413 791 1512 asphyxia,
804 1414 876 1484 nisi
896 1414 1124 1486 intermissio
1145 1412 1315 1487 diutissi-

301 1556 364 1604 me
381 1531 570 1629 durans)?
589 1557 668 1602 non
688 1547 776 1604 sunt
794 1531 857 1602 bic
883 1532 963 1604 sine
983 1533 1177 1628 examine,
1197 1531 1316 1629 hujus

300 1649 381 1721 vitii
405 1675 522 1724 causae
543 1649 887 1749 praetermittendae,
913 1673 990 1746 quo
1007 1664 1207 1748 tantopere
1225 1649 1314 1748 plu·

299 1768 388 1840 rimi
400 1783 589 1842 terrentur
602 1767 759 1858 medici,
777 1793 872 1866 saepe
891 1768 1047 1856 merito,
1068 1792 1246 1840 necraro
1258 1782 1311 1840 ta·

297 1911 387 1958 men
408 1901 543 1984 praeter
562 1888 770 1975 rationem,
786 1881 904 1958 veluti
924 1910 1010 1956 cum
1023 1885 1062 1954 in
1075 1863 1315 1975 ventriculo,x

299 2019 364 2076 aut
375 2005 561 2077 intestinis
570 2004 698 2076 subest
710 2027 840 2090 causa,
857 2027 940 2100 quae
952 2017 1017 2074 aut
1028 2026 1146 2100 perse
1157 2027 1311 2076 evanes-

299 2146 405 2210 cere,
426 2137 490 2194 aut
511 2119 651 2193 facilen
669 2121 818 2192 medico
832 2119 915 2192 tolli
939 2120 1068 2218 possit.
1092 2121 1179 2210 Quo
1206 2122 1309 2193 enim

240 2337 242 2340 Ι
298 2236 415 2309 modo
434 2235 715 2336 assatibus,·illa
735 2235 1056 2324 distendentibus,
1078 2235 1207 2309 cordis
1230 2238 1308 2336 pal·
1405 2305 1406 2314 ,

298 2354 519 2452 pitationem
543 2351 625 2426 fieri
654 2353 846 2428 interdum
874 2369 911 2426 et
926 2355 1021 2426 solvi
1040 2353 1207 2427 diximus
1233 2354 1308 2453 (ι),

299 2469 434 2542 eodem
447 2494 619 2568 quoque,
634 2487 698 2544 aut
715 2497 793 2543 uon
807 2473 857 2542 ita
870 2471 1041 2543 dissimili
1054 2471 1239 2569 pulsuum
1252 2475 1307 2544 in-

297 2589 574 2662 termissionem
593 2586 691 2662 effici
710 2589 912 2688 aliquando
923 2643 933 2678 ‚
944 2601 982 2660 et
1001 2613 1123 2686 perse
1142 2589 1250 2662 abire
1268 2591 1307 2661 in

296 2705 473 2804 pluribus
499 2708 566 2803 qui
590 2707 671 2778 noti
695 2721 783 2778 sunt
810 2705 942 2794 nobis,
963 2704 1208 2778 manifestum
1239 2723 1309 2780 est.

294 2823 394 2896 Alias
418 2823 550 2896 iisdem
572 2824 645 2896 illis
670 2825 710 2894 in
733 2823 940 2897 visceribus
968 2825 1123 2897 materia
1146 2839 1204 2897 est
1226 2850 1306 2924 quac
1406 2893 1407 2904 ,

295 2941 396 3014 idem
412 2939 541 3030 faciat,
560 2941 743 3026 irritando
756 2967 889 3013 eorum
900 2964 1059 3030 nervos,
1075 2941 1306 3039 quibuscum
1406 2939 1407 2974 ³

296 3061 396 3132 nosti
410 3075 452 3132 ut
470 3060 709 3133 consentiant
724 3056 830 3131 facile
846 3060 954 3131 nervi
964 3058 1100 3132 cordis.
1114 3063 1166 3130 Ea
1178 3075 1306 3133 autem

296 3179 451 3250 materia
465 3178 655 3264 interdum
671 3177 857 3274 ejusmodi
874 3194 944 3268 est,
964 3193 1006 3250 ut
1022 3178 1130 3249 nullo
1147 3181 1305 3278 negotio

296 3293 386 3364 inde
404 3297 522 3392 possit
540 3297 671 3368 averri.
693 3297 752 3368 Sic
770 3297 948 3384 memini,
968 3320 1055 3368 curn
1075 3293 1305 3368 febricitanti

296 3411 437 3508 virgini
461 3413 650 3503 mederer,
675 3413 781 3486 etad
806 3428 937 3486 caetera
960 3413 1190 3486 intermissio
1220 3414 1305 3512 pul-

298 3552 407 3600 suum
427 3531 643 3602 accessisset
663 3519 797 3630 praeter
818 3533 1025 3621 rationem3
1044 3531 1202 3603 minime
1221 3529 1304 3604 abs·

296 3647 471 3720 territum
489 3671 568 3719 esse
584 3672 646 3720 me
666 3648 714 3720 ab
734 3674 779 3722 eo
805 3648 1042 3739 exhibendo,
1069 3647 1179 3747 quod
1198 3673 1304 3722 cons·

297 3865 1304 3908 *W

334 4017 379 4098 (r)
398 4023 493 4099 Epist.
508 4024 545 4083 23
555 4065 564 4098 ,
575 4043 605 4082 n.
620 4023 665 4082 16.
