2850 4668
330 467 375 540 28
494 492 540 537 nn
567 489 711 539 ssomos
737 491 781 536 ar
806 488 930 538 cauus
955 487 1165 539 uonuonuu

327 604 483 677 lividum
496 604 669 676 habebat.
696 605 821 674 Lienis
838 618 962 674 autem
982 604 1074 675 sima
1094 601 1206 678 facies
1221 603 1335 679 valde
1422 599 1423 606 '

327 723 544 824 nigricabat.
562 728 744 794 Pancreas
761 719 1022 793 duriusculum
1041 718 1122 793 fuit.

379 843 432 912 18.
448 842 563 914 Vides
578 841 693 940 igitur
716 839 926 938 pleuritidis
947 840 1051 938 signa
1071 839 1110 909 in
1123 831 1332 939 'peripneu-

327 961 455 1032 monia
473 956 595 1032 fuisse.
614 963 660 1030 Et
679 971 779 1030 certe
799 981 886 1029 cum
904 955 1003 1028 hanc
1024 955 1220 1054 descripsit
1238 958 1330 1056 Hip-

327 1093 521 1176 pocrates,
539 1075 638 1147 libro
652 1076 698 1148 de
712 1077 872 1147 internis
888 1071 1149 1146 affectionibus
1164 1072 1239 1171 (1),
1258 1074 1333 1144 ali-¹

327 1191 480 1292 quando
498 1199 612 1264 etiam
624 1198 662 1262 in
676 1191 791 1263 latere
800 1193 971 1264 dolorem
982 1215 1079 1280 esse,
1092 1189 1195 1262 dixit.
1206 1193 1331 1280 Quem

326 1312 453 1382 locum
468 1311 679 1399 Ballonius‚
695 1325 737 1382 ut
753 1311 793 1381 in
801 1309 1049 1412 Sepulchreto
1065 1310 1148 1407 ipso
1159 1306 1214 1408 (a)
1225 1308 1335 1379 vide-'

325 1430 396 1518 ris,
414 1454 492 1500 non
506 1429 621 1502 modo
642 1428 924 1517 animadvertit,
945 1425 1012 1500 sed
1027 1427 1186 1525 insuper
1202 1424 1331 1498 obser·

324 1547 537 1620 vationibus
556 1545 791 1620 confirmavit
806 1547 882 1618 suis
897 1551 1061 1616 maxime
1077 1546 1117 1614 in
1135 1544 1180 1650 iis
1190 1543 1331 1641 quibus

324 1666 543 1736 aucthorax
564 1665 737 1764 hydrope
750 1663 923 1752 laborat,
954 1662 1166 1761 autpulmo
1184 1661 1332 1733 durius·
1422 1739 1423 1750 χ

324 1782 427 1855 culus
443 1789 548 1854 sanie
565 1783 685 1856 multa
703 1797 827 1854 scatet.
855 1782 1049 1879 Sapienter
1067 1795 1192 1853 autem
1213 1778 1261 1851 ab
1283 1803 1329 1851 eo

324 1901 506 1998 seriptum
531 1899 662 1990 fuisse,
688 1926 768 1971 non
794 1900 834 1970 in
864 1900 909 1971 iis
938 1913 1106 1988 tantum,
1130 1896 1256 1969 sedin
1284 1898 1329 1969 iis

321 2024 503 2107 marimo,
520 2018 580 2089 vel
596 2019 774 2116 proxima
794 2005 930 2089 nostrae
947 2015 1031 2088 duae
1048 2015 1329 2088 observationes

321 2135 560 2224 indicabunt,
579 2135 709 2233 paucis
725 2149 811 2207 ante
829 2135 1065 2231 superiorem
1078 2131 1328 2206 hebdomadis
1422 2203 1423 2238 ἶ

323 2250 456 2323 habitae
467 2308 477 2342 ,
490 2255 530 2323 in
544 2252 755 2351 eodemque
772 2251 1009 2324 nosocomio.

375 2395 428 2467 19.
455 2371 612 2460 Lanius,
625 2395 744 2442 annos
761 2385 871 2442 natus
888 2367 1224 2468 duodeoctoginta‚
1237 2393 1327 2468 pro·

322 2512 444 2577 cerus,
465 2488 591 2561 colore
618 2516 663 2562 ex
692 2485 797 2561 lusco
821 2487 985 2586 pallido,
1007 2489 1075 2586 qui
1096 2487 1185 2560 alias
1215 2501 1326 2585 sputo

223 2593 225 2596 ⁵
322 2605 526 2704 sanguineo¹
545 2605 796 2694 laboraverat,
823 2607 900 2702 jam
927 2621 1013 2678 ante
1039 2605 1118 2678 dies
1141 2619 1326 2702 quatuor,

321 2722 434 2820 paulo
455 2705 550 2794 infra
567 2725 752 2797 sinistram
770 2723 995 2813 mamillam,
1008 2724 1199 2795 internum
1218 2746 1326 2794 eum-

247 2813 268 2839 *
319 2863 394 2935 que
412 2857 642 2946 pungentem
666 2841 839 2913 dolorem
868 2845 1005 2915 sentire
1027 2825 1209 2940 coeperat,
1237 2864 1324 2912 oum
1420 2913 1421 2946 p

318 2956 358 3026 in
377 2953 639 3030 nosocomium
665 2960 848 3033 admissus
874 2975 938 3033 est.
965 2959 1097 3032 Pulsus
1118 2973 1225 3030 erant
1243 2983 1323 3030 non
1420 2981 1421 3040 t

226 3153 228 3157 ,
318 3075 434 3179 modo
445 3076 733 3174 inaequales,sed
744 3078 852 3150 etiam
868 3078 1003 3150 crebro
1012 3077 1323 3166 intermittentes,

317 3189 531 3290 frequentes
545 3210 689 3283 autem,
708 3210 744 3266 et
758 3197 824 3292 qui
839 3220 972 3294 parum
988 3194 1112 3292 digitis
1127 3193 1322 3291 exploran-

318 3311 412 3380 tium
430 3313 667 3384 resisterent:
687 3313 798 3385 tussis
816 3312 966 3401 crebra,
990 3337 1112 3410 eoque
1134 3331 1228 3381 sono
1255 3309 1322 3406 qui
1419 3331 1420 3362 1

317 3426 465 3498 latratui
484 3444 578 3501 esset
592 3429 872 3528 propemodum
889 3428 1040 3500 similis:
1058 3441 1165 3525 sputa
1178 3449 1320 3517 crassa,

317 3546 357 3614 in
371 3545 489 3642 iisque
507 3546 597 3618 albae
614 3544 804 3644 particulae
817 3548 923 3644 quasi
935 3546 1124 3644 polyposae
1133 3570 1148 3634 32
1159 3541 1322 3616 difficilis

317 3663 536 3760 respiratio:
564 3662 762 3736 decubitus
781 3661 986 3737 duntaxat
977 3688 1017 3734 rn
1036 3661 1201 3735 dorsum.
1230 3663 1321 3734 San·
1418 3653 1419 3684 ³

423 3941 461 4002 N.

359 3942 387 4019 (¹
354 3944 403 4135 (ab)
419 3952 518 4104 Schdl
536 4047 601 4120 ads
616 4055 650 4122 t,
662 4047 727 4107 obs
741 4065 795 4122 ao,
809 4057 880 4110 tect.
894 4044 994 4124 hujus.
