2800 4674
1082 379 1091 436 l

141 497 209 542 cru.
239 493 280 542 n.
309 493 356 538 nr
382 485 876 552 nonarsrrtoaac1s,rr1sr.
903 493 992 537 xxn.
1025 464 1091 558 175

75 623 225 708 partes,
236 606 397 678 maxime
413 605 443 676 si
457 605 497 674 in
511 627 648 700 aquam
661 603 897 698 conjiciatur,
916 603 995 676 haec
1007 606 1091 704 glu-

76 729 224 814 tinosa3
250 723 355 796 haud
382 723 471 794 satis
490 721 568 793 scio
586 744 661 817 qua
685 722 830 792 ratione
861 719 1091 796 haecomnia

79 867 172 914 cum
198 843 331 914 Aretaei
353 840 529 911 doctrina
550 838 751 926 conciliet,
778 839 844 934 qui
866 839 969 910 inter·
985 844 1090 938 puris

82 971 224 1058 genera
241 959 471 1057 glutinosum
490 980 667 1054 quoque,
692 971 730 1027 et
750 955 869 1028 odore
887 979 1016 1029 carens
1033 959 1091 1030 di-

79 1094 182 1151 serte
209 1077 475 1163 collocaverat,
496 1077 703 1172 prasertim
722 1097 808 1144 cum
831 1074 1093 1174 ibiid1fecerit

82 1201 268 1284 Aretaeus,
288 1193 355 1265 ubi
377 1191 424 1263 ab
439 1191 586 1263 Jacotio
605 1191 781 1262 laudatur
803 1192 907 1289 quod
930 1195 1011 1268 solo
1031 1222 1091 1268 as-

73 1327 194 1413 pectu
204 1337 279 1410 pur
300 1337 326 1382 a
345 1323 457 1410 sputo
476 1307 777 1406 distinguendum
796 1314 1006 1400 censuerit,
1026 1337 1093 1385 nec

83 1430 243 1502 multam
265 1432 549 1528 suppurationis
566 1431 743 1498 notitiam
759 1427 893 1499 haberi
902 1432 953 1501 ab
972 1437 1015 1502 iis
1026 1438 1095 1529 qui

79 1546 328 1619 hunrditaree
342 1550 425 1643 igne
443 1543 509 1616 vel
518 1569 624 1641 aqua
638 1545 864 1643 explorant,
886 1563 1021 1622 notans
1035 1552 1092 1620 vi-

80 1665 222 1736 delicet
239 1666 308 1763 qui
328 1663 568 1761 Hippocratis
586 1661 805 1760 aphorismo
822 1663 915 1761 (ι),
936 1668 976 1736 in
999 1672 1093 1740 Coa·

83 1785 138 1856 cis
159 1782 221 1882 (a)
238 1782 419 1881 repetito,
437 1780 635 1876 alteroque
651 1781 692 1850 in
709 1779 768 1852 his
786 1780 933 1877 adjecto
948 1783 1023 1881 (3),
1043 1786 1093 1857 ad

84 1899 476 2001 pusdignosccndnrn
504 1897 714 1969 abutuntur
753 1900 911 1996 quando
934 1918 1094 1990 neuter,

84 2021 183 2091 sicut
198 2034 300 2090 recte
316 2019 478 2090 Jacotius
493 2015 672 2088 admonet
688 2015 736 2088 ad
749 2019 854 2115 puris
866 2018 1094 2118 diagnosim,

84 2137 154 2210 sed
163 2153 323 2236 uterque
334 2133 533 2208 manifesto
548 2134 598 2206 ad
607 2135 737 2207 mortis
752 2138 971 2234 prognosim
981 2139 1094 2238 scrip

85 2271 149 2327 tus
166 2270 238 2345 est,
255 2255 331 2327 sive
351 2245 726 2352 phthisici'spuurm,
752 2254 831 2352 igni
855 2256 1093 2354 impoti-turn,

87 2373 240 2470 gravius
257 2371 376 2460 oleat,
394 2371 471 2443 sive
489 2369 659 2442 subsidat
686 2371 868 2467 injectum
893 2373 934 2444 in
955 2399 1091 2473 aquarn

87 2491 291 2578 marinam,
318 2513 510 2587 quaerase
537 2487 691 2587 quidem
715 2513 818 2561 aeneo
847 2494 1093 2566 contineatur.

86 2607 207 2699 Quare
232 2631 298 2678 vas
319 2631 388 2678 cur
411 2607 578 2705 requirat
598 2609 860 2706 Hippocrates,
878 2611 947 2681 etsi
974 2615 1096 2684 Bure·

86 2741 147 2797 tus
161 2723 235 2823 (4),
251 2739 288 2796 et
311 2725 391 2822 ipse
416 2723 585 2796 Jaootius
613 2746 763 2796 causant
778 2725 944 2799 reddere
968 2733 1097 2802 conati

86 2858 195 2932 suot3
211 2865 345 2914 vereor
361 2858 507 2930 tamen,
524 2856 568 2912 ut
583 2843 684 2931 satis,
704 2867 784 2914 non
797 2843 1098 2934 dicamt'rbi,sed

89 2959 267 3058 sibiipsis
285 2955 470 3032 fecerint:
491 2973 528 3030 et
544 2974 645 3031 certe
662 2959 724 3058 hic
742 2960 836 3030 alter
855 2985 900 3030 eo
917 2955 1014 3033 reflit
1029 2964 1097 3036 oe·

88 3080 224 3174 nique,
246 3091 289 3148 ut
305 3077 516 3148 flolleriurn
539 3075 595 3174 (5)
610 3092 779 3162 secutus,
805 3075 944 3150 referre
964 3103 1098 3176 parum
1189 3173 1191 3180 Α

87 3191 234 3282 credat,
254 3219 331 3292 quo
344 3219 431 3266 vase
447 3217 544 3291 aqua
554 3194 619 3264 itta
629 3193 839 3291 excipiatur
853 3221 860 3263 :
877 3196 985 3292 quod
1005 3223 1097 3268 num

88 3311 309 3410 Hippocrati
327 3313 488 3384 intanta
510 3310 693 3383 brevitate
707 3313 925 3402 conveniat,
941 3314 1025 3412 ipse
1043 3317 1098 3386 vi-
