2820 4668
148 490 218 538 ern.
244 489 291 538 sn·
314 489 362 536 nn
387 485 524 534 nornis
549 484 745 550 osorton,
770 485 883 535 er1sr.
899 488 1014 536 xxvrr.
1043 467 1114 564 495

96 608 286 703 reciperet.
307 595 439 693 ¹Quam
465 599 535 674 tibi
565 599 874 674 observationem
899 600 1115 678 describere

95 721 276 796 bicvolui
289 734 492 822 propterea
504 717 609 816 quod
630 716 677 790 ab
696 719 850 790 nemine
863 720 1113 818 productam,

96 864 185 918 nea
207 843 352 914 Boneto
379 836 556 935 quidem,
574 835 750 923 memini,
768 837 841 908 nisi
868 834 964 910 forte
993 840 1115 914 existi·

97 981 181 1032 mas
201 982 284 1056 quae
309 956 371 1032 hic
395 951 597 1028 Roitinckii
620 952 738 1026 verba
765 955 941 1051 protulit,
968 981 1047 1030 non
1074 959 1115 1034 in

94 1076 266 1151 sectione
283 1073 354 1149 hac
370 1076 434 1162 Xl,
448 1070 566 1146 sedin
580 1071 690 1166 vul(
700 1068 734 1165 ι)
748 1076 911 1171 irruptio
922 1077 1115 1172 sanguinis

95 1196 224 1268 iocor
242 1215 516 1289 nonnunquam
535 1177 636 1264 odeo
656 1188 862 1292 suumn·
877 1205 951 1280 est,
972 1207 1016 1264 ut
1031 1217 1114 1292 sep·

96 1328 175 1386 tum
193 1317 313 1412 ursum
324 1308 601 1407 disrumpatur,
611 1309 717 1404 cuju
726 1313 864 1406 tragici
872 1333 1114 1384 occurerem.-

83 1431 162 1531 pdo
174 1427 425 1529 suppeditavit
435 1431 635 1514 Horveiun
650 1427 736 1516 nisi,
745 1428 917 1526 inquam,
931 1426 1011 1502 haec
1024 1453 1109 1504 ver·

94 1548 147 1622 ba
174 1550 363 1622 existimas
392 1545 439 1617 ad
470 1543 775 1616 observationem
806 1545 909 1616 iilam
941 1547 1111 1624 attinere.

84 1665 210 1758 -Quod
221 1666 294 1737 etsi
307 1665 341 1736 ei
356 1662 730 1760 qnoqueivisumest‚
748 1660 990 1757 quiindicem
1008 1661 1113 1740 addi.-

93 1784 152 1858 d'n
178 1781 229 1855 ad
256 1797 333 1854 tres
362 1780 504 1880 primas
528 1779 678 1850 Harreii
698 1780 1005 1870 exercitationes,
1030 1804 1113 1856 earn

96 1925 214 2001 quam
227 1899 496 1998 descripsimus
504 1895 808 1970 observationem
823 1898 877 1970 sic
890 1896 1114 1997 designanti,

94 2034 244 2120 septum
260 2015 385 2089 cordes
403 2041 429 2086 o
445 2029 595 2091 retento
605 2019 790 2114 sunguine
807 2029 979 2114 ruptum
997 2015 1113 2090 verba

1 2169 3 2198 i
97 2153 226 2212 umen
239 2193 249 2226 ‚
264 2161 348 2236 quas
362 2134 525 2234 protuli,
537 2134 657 2232 ipsius
671 2135 835 2206 auctoris
846 2135 981 2232 procui
994 2134 1127 2239 (lechin¹

96 2257 213 2354 longe
226 2253 330 2329 aliud
343 2250 570 2351 significant.
583 2255 681 2324 Huic
696 2254 845 2323 liarveii
858 2251 1115 2326 observationi

98 2373 257 2445 alteram
276 2369 466 2468 adjungo,
483 2393 597 2468 quam
615 2369 774 2469 epistola
794 2373 896 2444 XXV
923 2370 996 2468 tn)
1025 2373 1113 2445 satis
1213 2418 1219 2429 ·

99 2490 420 2577 commemoravi,
435 2490 536 2562 Petri
547 2487 594 2560 de
609 2487 829 2560 Marchettis
844 2487 909 2585 (3)
929 2491 1024 2561 Nam
1046 2492 1115 2562 etsi

97 2631 121 2684 a
138 2605 263 2692 fistula
280 2609 320 2678 in
336 2611 526 2694 unionum
541 2629 664 2705 usque
679 2607 933 2680 uentriculum
958 2606 1113 2681 tandem

99 2723 380 2824 producta‚hic
397 2740 556 2825 apertus
567 2739 641 2816 est;
660 2739 789 2798 tamen
808 2727 884 2798 sive
903 2724 951 2796 ab
970 2727 1114 2800 orosio·

98 2867 173 2934 ne,
202 2845 278 2917 sive
302 2867 323 2914 a
354 2841 583 2916 distentione
606 2867 674 2914 cor
698 2844 907 2941 aperiatur,
926 2841 1114 2940 disruptio

98 2959 265 3058 denique
279 2983 428 3059 semper
443 2975 499 3032 est
512 2974 717 3058 propterea
728 2960 818 3056 quia
836 2959 905 3030 ubi
924 2983 970 3030 eo
988 2985 1116 3056 perve-

101 3079 159 3150 nit
172 3079 314 3166 erosio,
333 3092 384 3150 ut
400 3077 622 3150 tenuissima
641 3091 790 3148 tantum
812 3077 974 3173 supersit
989 3077 1115 3152 cordis

101 3194 251 3267 lamella
262 3249 272 3284 ‚
284 3193 413 3270 banca
425 3194 623 3294 sanguinis
629 3209 694 3265 aut
709 3193 898 3292 pondere,
913 3209 975 3266 aut
989 3197 1115 3294 vique

102 3327 260 3412 urgetur
284 3312 466 3411 pertundi
490 3309 731 3385 manifestum
756 3327 838 3388 est:
861 3311 1113 3410 quamobrem

103 3432 217 3503 etiam
236 3455 324 3504 cum
341 3430 388 3502 de
405 3446 534 3529 aperta
550 3445 654 3504 aorta
671 3429 788 3502 verba
801 3427 982 3521 facerem,
995 3435 1114 3506 varias

104 3548 259 3648 quidem
277 3549 465 3648 ruptionis
483 3574 612 3624 causas
624 3535 804 3639 indica'vi3
822 3553 1041 3648 ruptionem
1058 3566 1114 3624 ta-

145 3845 191 3925 (1)
210 3848 285 3906 obs.
299 3869 344 3906 11.

147 3947 192 4032 (n)
212 3949 254 4005 tt·
268 3967 316 4006 aa.

146 4045 191 4126 (3)
210 4049 283 4107 obs.
295 4051 374 4108 med.
387 4049 461 4109 chir.
474 4056 521 4123 ⁴7.
