2816 4668
170 497 238 550 ma.
267 499 308 548 11.
337 471 384 546 ns
409 499 545 547 uonnrs
570 498 762 564 morters,
788 499 900 550 rrtsr.
927 499 1009 546 xxv.
1038 475 1110 575 389

101 615 242 686 vertice
260 614 400 704 locata,
421 639 587 713 quorum
611 608 883 685 crassissimum
898 613 946 684 ab
961 612 1113 687 duobus

97 730 302 821 lateribus,
318 731 382 804 sed
401 732 449 804 ab
466 757 545 804 uno
565 731 788 830 praesertim,
808 731 946 804 similes
963 735 1110 804 emitte-

100 845 166 920 bat
186 847 419 940 denticulos3
447 849 594 946 reliqua
618 862 725 920 erant
746 857 990 946 squamarum
1023 849 1110 921 dua·

100 989 187 1038 rum
214 967 332 1049 instar
361 968 513 1064 majoris
538 981 575 1040 et
596 965 764 1038 minoris.
798 969 924 1038 Inerat
947 966 1043 1039 illud
1068 969 1115 1052 inw

99 1081 184 1181 ipso
198 1067 353 1156 externo
371 1086 522 1158 sinistro
537 1075 653 1155 latere
671 1083 775 1156 sinus
789 1085 904 1181 paulo
913 1101 1022 1158 antea
1034 1111 1110 1160 me·

99 1202 256 1291 morati3
273 1201 351 1274 haec
365 1203 465 1274 inter
488 1201 687 1290 sencino,
705 1226 776 1274 nec
796 1202 959 1274 multum
981 1184 1110 1278 dissita

98 1317 147 1390 ab
163 1317 304 1391 infimo
328 1317 432 1392 falcis
459 1319 597 1408 limbo,
624 1319 785 1392 dexterae
810 1315 918 1393 faciei
940 1320 1108 1418 ejusdem

97 1433 202 1507 falcis
219 1437 272 1508 sic
285 1435 548 1526 adherebant,
566 1451 609 1507 ut
621 1436 729 1508 nullo
741 1439 896 1534 negotio
907 1437 1017 1510 avelli
1025 1462 1109 1536 pos·

97 1567 191 1624 sent.
220 1553 333 1644 Quod
351 1555 381 1625 si
402 1577 506 1670 nunc
536 1577 696 1649 quaeras»,
716 1549 785 1624 cui
801 1569 866 1625 aut
892 1553 1016 1626 dolori
1044 1571 1108 1630 aut

94 1669 342 1744 incommodo
360 1686 445 1743 ante
463 1671 709 1742 novissimum
725 1669 905 1742 morbum
922 1670 963 1740 hi
983 1673 1107 1770 singu·

94 1787 123 1858 li
138 1786 279 1860 fuerint
295 1787 475 1882 obnoxii,
503 1811 563 1866 me
582 1811 748 1885 quoquev
759 1789 1028 1884 perquisivisse
1052 1788 1106 1860 di-

100 1931 204 1996 cam,
222 1921 259 1978 et
285 1903 556 2004 praesertim'de
581 1905 746 1976 muliere
767 1903 838 1975 hac
865 1931 947 2003 quae
965 1907 1108 1978 consis-

92 2037 216 2112 tente,
234 2038 277 2094 ut
286 2022 499 2113 videbatur,
512 2037 734 2121 aetate,post
747 2025 939 2122 sanguinis
951 2037 1110 2122 sputum*

93 2139 334 2229 decesserat;
353 2137 438 2228 sed,
458 2141 559 2212 utin
587 2140 771 2214 mendicis
794 2143 927 2240 saepius
949 2141 1104 2232 accidit,

92 2257 193 2328 nihil
207 2259 346 2330 rescire
363 2259 529 2356 potuisse
548 2258 652 2356 quod
669 2285 741 2358 pro
755 2275 858 2333 certo
870 2260 1103 2333 adnotarem.

91 2376 194 2446 Num
222 2400 312 2446 vero
332 2377 775 2474 propterea‘ponendum
802 2357 874 2476 pro
903 2394 1006 2450 certo
1028 2393 1103 2467 est,

91 2491 199 2562 nulla
217 2493 375 2564 omnino
401 2492 449 2564 ab
473 2495 517 2566 iis
539 2494 709 2566 ossiculis
729 2493 973 2567 incommoda
992 2492 1104 2570 fuisse

89 2608 234 2681 allata?
255 2612 341 2682 Non
373 2612 489 2710 magis
525 2609 721 2709 profecto,
751 2637 867 2710 quam
897 2612 965 2691 ubi
994 2618 1100 2712 Casp.

91 2723 345 2800 Hoffmannus
363 2728 418 2824 (1)
435 2729 517 2800 silet
532 2754 613 2827 quae
627 2727 852 2802 detrimenta
865 2731 1049 2802 attulisset
1061 2737 1103 2803 os

90 2843 398 2942 cartilaginosum
427 2863 564 2928 exacte,
587 2847 813 2936 rotundum,
835 2847 941 2948 quod
961 2855 1103 2945 magni-

92 2961 222 3047 tudine
235 2963 374 3034 thaleri
384 2964 608 3062 z'mperz'alz'S,
626 2965 720 3036 dura
735 2965 911 3062 meninge
921 2966 1103 3061 utrinque

90 3093 255 3170 tectum,
280 3083 492 3171 invenerat,
510 3097 573 3154 aut
589 3076 733 3180 potius,
754 3095 797 3152 ut
814 3081 962 3153 omissis
978 3081 1104 3154 mino-

91 3197 198 3272 ribus
220 3201 367 3296 majora
389 3223 708 3288 commemorem,
734 3223 850 3295 quam
878 3197 946 3270 ubi
970 3201 1104 3271 Dioni·

94 3317 173 3390 sius
186 3313 241 3414 (a)
259 3316 389 3390 scribit
419 3341 456 3390 se
470 3319 511 3388 in
526 3333 619 3388 noto
636 3314 783 3388 artifice
800 3317 984 3414 reperisse
1003 3341 1102 3389 eam-

93 3433 183 3505 dem
193 3436 429 3534 meningem,
443 3459 587 3508 osseam
597 3432 739 3508 'factam
752 3432 1032 3532 propemodum
1045 3451 1103 3512 to-

90 3565 191 3640 tam,
221 3574 347 3650 neque
382 3551 523 3625 indicat
556 3551 694 3651 quibus
714 3554 757 3624 'is
775 3552 964 3624 obnoxius
989 3551 1103 3636 fuerit

90 3668 212 3741 malis.
232 3670 379 3742 Scilicet
404 3685 467 3745 aut
488 3696 568 3768 quae
592 3671 670 3742 haec
689 3668 846 3760 fuerint,
866 3672 952 3743 satis
973 3670 1102 3768 cogni·

132 3945 178 4024 (1)
198 3948 327 4023 Apolog.
341 3963 399 4024 pro
413 3949 479 4004 Gal.
495 3949 518 4004 l.
530 3966 601 4020 a„s.
615 3956 691 4020 lis-⁰·
703 3949 771 4020 287.

132 4044 178 4126 (a)
197 4047 346 4124 Descript.
363 4049 452 4109 d'une
468 4048 571 4110 oreille
585 4048 626 4108 du
640 4067 738 4124 coeur,
751 4059 825 4109 extr.
839 4047 929 4108 ditat..
