2800 4674
277 409 343 492 ¹⁰4
434 427 480 472 nr
507 421 652 472 sumens
677 425 721 470 nr
746 424 868 472 causrs
893 415 1100 476 notrorum

270 540 474 645 praesertim
488 560 527 630 se
544 536 925 636 prodidisset,neque
936 540 1012 610 ulla
1021 565 1178 631 nausea,
1195 539 1281 614 ulla

268 658 315 730 ad
329 657 513 728 vomitum
528 656 732 754 propensio
748 655 867 754 ipsam
885 658 1007 754 grumi
1024 659 1278 754 rejectionem
1397 647 1398 660 ¹

268 775 534 846 antecessisset.
556 776 663 842 Certe
689 787 813 842 autem
842 771 890 844 ad
911 774 1165 846 ventriculum
1186 777 1277 846 atti·
1397 789 1398 792 ’

267 891 381 963 nebat
401 888 505 987 quod
523 889 563 958 in
588 889 707 963 altero
737 887 922 962 acciderat
938 891 1086 986 juvene.
1110 896 1146 964 Is
1167 894 1273 965 enim

268 988 399 1080 dolore
419 1007 562 1096 lateris,
579 1007 690 1094 tussi,
707 1008 922 1104 caeterisque
942 1008 1152 1105 pleuritidis
1169 1008 1274 1080 indi-

268 1123 527 1214 ciis'aifectuS,
545 1123 641 1196 etde
656 1123 715 1196 his
731 1125 911 1196 duntaxat
926 1142 1178 1223 conquestuS,
1196 1128 1272 1198 nisi

268 1244 372 1343 quod
389 1259 513 1314 tamen
533 1241 643 1314 simul
657 1265 793 1314 nausea
807 1241 1040 1333 tentabatur,
1060 1269 1147 1316 cum
1160 1243 1211 1318 ab
1225 1245 1270 1315 iis

267 1375 520 1464 quae'caeteros
538 1361 668 1456 juvare
689 1361 906 1458 pleuriticos
922 1361 1059 1448 solent,
1083 1361 1144 1432 vel
1160 1361 1271 1458 pejus

268 1507 305 1554 se
322 1479 498 1568 haberet;
525 1477 689 1574 denique
708 1479 852 1574 rejecto
863 1480 961 1550 inter
979 1481 1163 1551 vomitum
1184 1503 1269 1550 san·

268 1600 447 1697 guineum
463 1611 579 1668 terete
592 1595 778 1666 lumbrico
788 1650 797 1684 ,
809 1597 931 1668 statim
940 1595 987 1666 ab
1002 1597 1061 1682 iis,
1075 1621 1158 1693 quae
1171 1595 1271 1666 dicta

165 1709 166 1712 ¹
268 1730 374 1802 sunt,
387 1713 564 1785 omnibus
579 1713 674 1783 liber
687 1728 741 1784 est
754 1711 881 1786 factus.
900 1715 977 1784 Nec
989 1737 1079 1784 vero
1092 1712 1191 1784 hanc
1201 1711 1272 1783 ob-

267 1833 514 1905 servationem
532 1855 577 1900 eo
597 1829 657 1901 die
684 1830 1045 1919 commemorabam,
1077 1828 1180 1927 quod
1211 1853 1272 1900 ra·

266 1975 346 2022 ram
371 1975 449 2022 esse
475 1971 692 2018 censerem:
720 1973 845 2044 neque
864 1949 965 2018 enim
991 1971 1051 2017 me
1080 1943 1270 2045 fugiebat,

266 2093 311 2140 ex
335 2092 413 2164 quo
435 2065 653 2136 Gabucinus
674 2063 728 2161 (1)
747 2089 868 2156 unam¹
880 2064 1154 2160 ejusdemmodi
1179 2091 1273 2163 pro-

266 2199 461 2284 posuerat,
478 2207 557 2279 quae
568 2186 717 2252 Donato
729 2181 784 2278 (a)
795 2182 888 2253 adeo
900 2183 1079 2254 mirabilis
1089 2184 1166 2256 visa
1179 2197 1271 2271 erat,

268 2316 362 2398 quot
377 2299 533 2396 proditae
558 2313 680 2370 essent
704 2298 780 2369 aliae
802 2315 884 2370 turn
901 2299 947 2370 ab
964 2301 1009 2373 iis
1023 2325 1118 2398 quos
1142 2300 1272 2371 laudat

267 2417 581 2514 Ettmiillernsffl),
593 2433 673 2488 tum
687 2416 733 2488 ab
746 2417 837 2508 aliis,
847 2415 1270 2516 quiinSepulchreto(4)

269 2550 550 2608 memorantur:
568 2535 616 2606 ad
626 2560 720 2632 „quas
733 2559 812 2607 esse
829 2561 909 2634 quae
923 2535 1010 2607 addi
1026 2536 1183 2634 possint,
1191 2559 1273 2606 non

166 2709 168 2714 .
267 2657 420 2752 ignoras
439 2653 643 2752 praesertim
665 2678 709 2723 ex
730 2653 898 2725 Hardero
917 2653 987 2752 (5),
1007 2657 1177 2752 Raygero
1196 2653 1270 2750 (6),

270 2795 316 2842 ex
331 2771 496 2867 virisque
521 2769 599 2842 aliis
628 2769 858 2860 clarissimis,
882 2771 1104 2842 nominatim
1125 2776 1271 2842 Joanne

183 2945 185 2949 .
270 2890 431 2987 Baptista
445 2893 569 2960 Verna
585 2889 657 2984 (7),
675 2903 711 2959 et
724 2888 888 2987 Josepho
905 2890 1069 2960 Antonio
1083 2889 1201 2984 Pujati
1215 2886 1268 2985 (8)

373 3249 535 3304 Comment.
553 3249 590 3304 de
602 3249 738 3304 lumbric.
755 3267 780 3304 c.
801 3249 845 3306 13.

376 3349 420 3403 De
433 3348 538 3404 medic.
551 3344 618 3404 hist.
633 3349 739 3404 mirab.
758 3351 777 3404 1.
796 3357 813 3417 l,
822 3390 831 3421 ,
849 3369 874 3406 c.
889 3349 917 3406 6.
983 3389 986 3394 Δ

375 3451 461 3504 Prax.
481 3450 500 3502 l.
520 3469 549 3518 1,
565 3469 587 3504 s.
609 3449 658 3520 18,
673 3461 727 3504 art.
742 3468 772 3523 9.

376 3549 473 3606 Schol.
489 3550 536 3606 ad.
553 3549 617 3604 obs.
638 3549 686 3622 38,
700 3545 791 3621 hujus
808 3561 878 3606 sect.

375 3650 479 3724 Apiar.
490 3650 554 3704 obs.
565 3650 614 3724 96.

376 3749 444 3806 Vid.
458 3751 522 3808 Act.
535 3749 616 3822 Lips.
630 3766 677 3804 an.
690 3747 774 3823 1691.
789 3751 831 3806 M.
843 3751 963 3806 Januar.
978 3747 1063 3804 infin
1077 3749 1115 3804 ad
1127 3746 1190 3803 obs.
1205 3747 1253 3803 26.

374 3850 471 3906 Princ.
486 3849 583 3904 morb.
599 3860 675 3904 aaut.
693 3849 828 3923 pleurit,
842 3849 920 3926 pa,
935 3869 960 3906 c.
977 3868 1026 3922 11,
1037 3867 1067 3905 n.
1082 3867 1117 3923 19
1131 3858 1233 3922 etseq.

375 3951 445 4007 Dec.
459 3967 516 4006 rar.
529 3947 634 4006 medic.
651 3949 713 4006 obs.
729 3967 756 4020 7.
