2816 4668
292 427 363 512 444
457 447 503 494 nn
529 445 675 494 sumans
700 447 744 494 nr
769 447 893 495 cansrs
919 447 1129 496 uornonmr

292 561 449 666 tandum
469 587 476 630 :
496 587 579 660 quae
592 587 680 634 cum
690 565 740 636 ita
754 564 841 652 sint,
855 563 1051 636 mulierem
1074 563 1122 634 de
1140 587 1219 662 qua
1233 587 1300 634 no-

292 680 441 754 vissime
467 680 650 769 diximus,
680 678 834 770 fortasse
867 707 912 752 ex
940 682 1139 780 apoplexia
1170 684 1297 780 potius

293 821 409 895 quam
430 824 475 870 ex
496 813 608 896 rupto
625 799 692 871 illo
706 814 965 896 aneurysmate
984 801 1190 871 extinctam
1209 823 1296 870 csse.

294 921 380 988 Haec
400 917 430 988 si
449 916 572 1003 dicas,
592 931 668 988 ate
689 931 830 1014 petam,
843 933 886 990 ut
911 918 1077 1014 primum
1106 915 1300 1004 attendas,

296 1033 389 1131 quid
410 1033 636 1106 discriminis
654 1036 700 1106 sit
720 1035 819 1106 inter
836 1038 1055 1133 sanguinem
1071 1035 1242 1105 multum
1259 1034 1301 1104 il·

296 1149 372 1222 lico
391 1167 427 1223 et
440 1153 656 1251 sanguinem
673 1153 785 1253 longe
799 1154 1020 1252 plurimum,
1039 1152 1104 1225 sed
1120 1151 1301 1251 paulatim

298 1269 397 1340 intra
426 1269 562 1342 multas
583 1270 695 1344 horas
721 1271 876 1369 diesque
898 1269 1139 1358 effluentem;
1166 1268 1302 1341 deinde

298 1385 399 1456 iuter
413 1383 626 1460 effluentem
647 1414 692 1461 ex
704 1390 786 1487 ipso
797 1445 807 1478 ,
825 1413 945 1489 prope
964 1390 1176 1486 originem,
1195 1402 1304 1457 aorta

299 1516 456 1602 truncO,
476 1521 513 1576 et
528 1503 742 1579 effluentem
761 1533 805 1580 ex
817 1507 961 1580 dissitis
974 1507 1089 1577 ramis
1103 1531 1114 1592 3
1139 1505 1305 1602 denique

299 1620 400 1692 inter
414 1619 740 1713 effluentemintra
756 1623 1027 1722 pericardium,
1041 1639 1077 1695 et
1088 1619 1306 1695 effluentem

302 1753 405 1810 extra
420 1765 570 1840 corpus.
589 1744 756 1814 Primum
785 1743 985 1815 discrimen
1015 1740 1204 1813 indicabit
1233 1765 1305 1810 non

303 1879 383 1928 esse
396 1857 458 1929 hic
476 1860 562 1932 satis
579 1862 761 1959 temporis
775 1876 818 1934 ut
832 1885 870 1934 se
890 1859 1116 1932 contrahant
1131 1884 1224 1931 vasa
1242 1861 1308 1931 cir-

303 1995 389 2044 cum
407 1975 595 2073 reliquum
613 1981 855 2078 sanguinem,
871 2003 994 2075 neque
1014 1992 1056 2050 ut
1073 1976 1137 2048 hic
1156 1976 1308 2076 supple·

305 2094 423 2164 menti
441 2093 580 2192 aliquid
593 2097 770 2195 accipiat,
788 2096 889 2168 unde
906 2095 987 2192 ejus
1005 2111 1130 2193 partes
1149 2097 1254 2166 inter
1274 2119 1307 2166 se

306 2223 344 2280 et
357 2234 532 2282 vasorum
550 2215 683 2284 tunicae
700 2215 800 2314 ipsas
813 2215 1052 2312 contingant,
1070 2213 1150 2286 sine
1172 2237 1253 2310 quo
1272 2213 1308 2280 in

306 2350 440 2423 gyrum
455 2331 514 2427 agi
528 2334 679 2430 sanguis
698 2356 777 2407 non
800 2347 933 2431 potest.
955 2335 1007 2402 Ex
1025 2330 1246 2402 discrimine
1264 2328 1308 2399 al·

280 2452 287 2467 '
307 2457 389 2517 tero
407 2445 518 2517 simul
532 2449 718 2548 intelliges
732 2465 887 2549 repente
906 2448 1076 2522 subtrahi
1089 2449 1233 2544 justam
1252 2473 1310 2518 co-

308 2561 408 2658 piam
427 2567 617 2662 sanguinis
631 2570 808 2642 universo
822 2569 984 2666 corpori.
997 2573 1051 2640 Ex
1062 2568 1178 2638 tertio
1190 2581 1311 2637 autem
1397 2579 1399 2596 ¹

309 2701 376 2749 cor
395 2676 500 2752 facile
517 2682 660 2756 offendi
677 2687 829 2760 insolito
847 2687 1008 2758 exterius
1029 2699 1211 2756 contactu
1232 2708 1312 2756 san·

310 2798 432 2894 guinis
453 2804 637 2901 copiaque
649 2806 888 2901 circumjecta
901 2804 1096 2903 impediri,
1109 2827 1196 2900 quae
1210 2805 1241 2875 si
1257 2826 1315 2900 pe·

307 2915 532 2990 ricardium·
548 2921 745 3012 distendit,
769 2947 836 2994 eor
860 2923 970 2994 etiam
985 2935 1132 3020 premat
1160 2943 1315 2992 necesse

208 3109 211 3116 ,
311 3049 377 3106 est.
400 3039 476 3110 Nec
493 3054 529 3112 te
545 3040 640 3112 illud
654 3057 824 3114 moretur
839 3039 943 3138 quod
962 3041 1001 3110 in
1023 3037 1230 3138 pericardii
1252 3037 1315 3135 hy·

311 3155 429 3252 drope
445 3159 589 3229 moveri
608 3183 674 3229 cor
689 3174 838 3256 pergat,
850 3158 953 3230 aliud
969 3159 1069 3230 enim
1097 3171 1154 3228 est
1185 3156 1317 3254 paula-

311 3270 379 3342 tim
394 3277 521 3371 augeri
538 3301 695 3374 aquam;
714 3275 815 3348 aliud
839 3275 1059 3375 sanguinem
1081 3287 1245 3371 repente
1269 3269 1318 3342 el·

313 3384 444 3478 fundi,
463 3407 499 3462 et
518 3392 619 3465 aliud
637 3418 749 3491 aqua,
767 3393 868 3464 aliud
886 3393 1067 3490 sanguine
1086 3391 1240 3488 urgeri,
1256 3389 1318 3486 qui

313 3525 561 3609 praeterquam
588 3511 691 3608 quod
714 3513 836 3584 statim
867 3526 978 3608 atque
1005 3506 1147 3580 effusus
1171 3521 1250 3595 est,
1275 3504 1320 3576 ad

316 3631 637 3702 concrescendum
669 3628 712 3702 lit
737 3653 901 3728 pronus,
933 3641 1034 3699 certe
1058 3640 1204 3723 quanto
1225 3646 1320 3722 aqua

315 3749 474 3822 crassior
499 3764 573 3838 est,
601 3755 714 3821 tanto'
733 3747 877 3822 accedit
895 3747 1012 3845 magis
1031 3743 1078 3815 ad
1106 3742 1319 3816 solidorum

315 3849 508 3957 naturam,
527 3894 638 3966 -quae,
667 3869 697 3940 si
728 3865 847 3938 cordi·
864 3863 1082 3953 admoveas,
1111 3861 1215 3932 illico
1243 3860 1319 3954 ejus

314 4003 460 4060 motum
472 3967 656 4075 sistendo,
670 4008 876 4083 syncopem
892 3981 1103 4070 inducunt,
1120 3993 1163 4052 ut
1179 3973 1319 4052 admoti
