2824 4668
273 425 345 502 356
440 453 487 500 nn
514 451 660 499 snnrnus
685 453 729 500 nr
755 451 880 502 causis
906 453 1117 506 nonnosum

276 567 396 636 ciores
417 564 457 634 in
484 564 625 660 juvene
652 563 871 654 adnotasse,
897 582 939 638 ut
959 573 1105 665 signum
1129 591 1283 642 summac

275 679 539 754 imbecillitatis
556 685 714 770 virium,
728 705 815 752 cum
831 681 932 756 lenta
947 681 1043 758 febri
1057 688 1279 782 conjuncta.

272 798 344 871 Sed
376 799 502 870 neutri
530 821 662 869 eorum
690 798 898 896 dequibus
924 802 1138 899 loquimur,
1167 802 1283 876 febris

263 914 344 1004 'fuit
360 916 458 1004 ulla,
478 931 542 987 aut
553 941 594 986 ea
607 918 743 988 virium
759 915 973 1008 infirmitas,
991 936 1035 992 ut
1052 922 1185 994 electo
1200 946 1283 994 sur-

273 1060 380 1134 gere,
411 1035 502 1106 etsi
528 1057 607 1104 non
633 1057 800 1132 semper,
827 1049 869 1106 ut
892 1035 1031 1109 nobilis
1054 1037 1117 1109 ille
1146 1039 1285 1111 Vesalii

273 1154 331 1224 vir
354 1150 454 1249 (1),
475 1150 680 1248 aliquando
700 1167 820 1242 certe,
844 1153 964 1231 veluti
980 1162 1078 1242 soni,
1101 1158 1283 1229 obumbra

275 1271 355 1340 lare
373 1293 452 1340 non
473 1283 635 1366 possent.
657 1268 794 1341 Iisdem
812 1285 938 1344 tamen
950 1295 1022 1344 nec
1034 1274 1231 1371 inaequalis
1242 1291 1285 1346 ut

272 1387 481 1486 plurimum
497 1385 629 1485 pulsus
644 1383 733 1475 fuit,
751 1411 822 1460 nec
839 1389 965 1462 varius
986 1391 1063 1462 sive
1084 1393 1124 1462 in
1142 1392 1264 1464 altero
1270 1448 1281 1481 ,

273 1507 349 1577 sive
374 1506 414 1574 in
441 1519 603 1602 utroque
624 1527 739 1602 carpo
766 1505 999 1604 explorares,
1018 1510 1119 1580 utin
1140 1513 1284 1583 rustico

272 1639 351 1700 erat
371 1621 628 1710 adolescente,
649 1647 762 1718 quem
779 1625 955 1696 Bononiae
972 1624 1049 1696 vidi
1063 1626 1103 1696 in
1116 1651 1283 1700 nosoco-

272 1744 350 1815 mio
371 1747 404 1816 S.
431 1741 555 1814 Mariae
572 1738 619 1810 de
638 1741 724 1810 vita.
744 1745 781 1814 Is
795 1741 887 1812 olim
905 1765 992 1813 cum
1016 1759 1112 1816 esset
1133 1745 1282 1820 duode-

272 1862 422 1948 cennis,
436 1884 481 1930 ex
494 1857 631 1930 arbore
642 1857 791 1948 cadens,
802 1857 958 1932 dorsum
974 1859 1159 1950 alliserat,
1180 1863 1281 1936 unde

269 1980 378 2048 urina
387 1991 480 2048 tunc
497 1973 603 2045 fluxit
616 1975 840 2072 sanguinea,
857 1974 981 2048 cordis
993 1992 1119 2050 autem
1129 1979 1281 2051 assidua
1357 2020 1361 2028 ·

271 2095 466 2195 palpitatio
497 2093 656 2190 ingruit,
683 2117 766 2188 quae
793 2094 904 2164 etiam
941 2109 1043 2183 turn,
1065 2120 1173 2168 nono
1195 2113 1280 2196 post

271 2238 372 2285 anno
382 2268 391 2300 ‚
403 2209 580 2298 vexabat,
594 2225 630 2282 et
647 2212 851 2306 quotannis
866 2210 1010 2284 solebat
1027 2227 1085 2284 ter
1100 2231 1280 2310 quaterve

271 2328 486 2407 exacerbari
512 2341 549 2398 et
577 2327 746 2424 spirandi
770 2325 1030 2402 difficultatem
1049 2327 1213 2422 afferre,
1240 2348 1282 2405 ut

269 2464 352 2519 tum
370 2443 565 2516 acciderat.
585 2447 630 2514 In
649 2469 694 2514 eo
705 2445 820 2542 igitur
837 2471 924 2518 cum
935 2470 1068 2546 carpos
1081 2450 1198 2522 simul
1210 2475 1280 2522 arn-

270 2565 341 2640 bos
374 2578 580 2650 tentarem,
610 2562 743 2660 pulsus
771 2563 977 2660 utrobique
1007 2566 1213 2664 inaequales
1245 2583 1280 2640 et

270 2681 507 2756 inordinatos
519 2678 766 2776 reperiebam,
780 2681 831 2752 sic
841 2695 980 2769 nmen,
990 2697 1033 2753 ut
1046 2683 1280 2781 pulsationes

270 2799 470 2899 plerasque
480 2795 690 2868 attendenti
700 2794 940 2870 manifestum
951 2813 1062 2888 esset,
1072 2800 1113 2870 in
1127 2803 1279 2874 sinistro

270 2941 396 3014 neque
428 2937 530 2985 raras
559 2936 669 3011 posse
699 2913 794 3002 dici,
826 2940 951 3012 neque
979 2913 1219 3014 frequersss3
1241 2921 1279 2990 in

270 3036 426 3108 dextero
446 3047 569 3105 autem
590 3031 704 3128 triplo
721 3028 798 3102 fere
814 3057 927 3129 quam
950 3035 990 3105 in
1010 3035 1183 3125 sinistr0,
1200 3061 1279 3111 esse

269 3153 441 3224 rariores.
460 3152 535 3239 Qui
560 3149 592 3220 si
621 3139 713 3220 tunc
740 3145 837 3221 forte
861 3150 1015 3223 obiisset
1038 3151 1280 3246 adolescens,

246 3267 414 3365 ·aliquid
432 3266 557 3339 forsan
581 3265 628 3336 ad
645 3266 759 3361 hujus
777 3265 1035 3366 discrepantiae
1052 3293 1203 3344 causam
1222 3276 1281 3346 in-
1392 3365 1393 3370 ἵ

270 3384 514 3482 telligendam
533 3407 613 3454 non
634 3383 767 3454 inutile
785 3383 1140 3483 deprehendissem,
1162 3391 1278 3464 modo

269 3503 332 3576 illa
347 3501 503 3574 minima
519 3523 600 3572 non
614 3497 745 3572 fuisset
759 3527 804 3572 ex
823 3525 913 3574 casu
929 3503 1057 3576 vitiata
1070 3527 1279 3580 nervorum

270 3635 460 3694 structura
486 3617 533 3689 ad
565 3619 739 3688 arteriam
771 3618 961 3691 dexteram
990 3621 1275 3718 pertinentium.

272 3830 1274 3862 ...unffi—num

309 3994 352 4072 (ι)
373 3997 408 4052 In
423 3953 507 4075 cina
518 3991 582 4050 obs.
