2850 4668
173 487 244 535 cm.
272 487 312 536 n.
341 485 387 534 nr
413 485 548 535 uorsus
573 485 765 551 rnonums,
791 456 903 536 nrrsr,
929 490 1001 536 xx1.
1055 467 1102 565 73

100 625 201 676 venae
216 599 481 674 distendantur
495 623 644 674 necesse
663 615 736 691 est,
750 604 930 702 sanguine
950 629 1026 701 quo
1047 600 1103 677 cal

100 745 143 810 va
170 719 326 796 dextera
350 719 462 790 nimis
487 718 710 816 opplentur,
738 719 909 791 obstante
931 725 1102 820 sanguini

99 860 166 936 per
180 837 388 909 coronariae
401 859 504 907 venae
519 836 688 908 ostiume
706 837 862 909 sinistris
879 863 1032 936 quoque
1045 865 1100 913 re-

99 954 236 1028 dituro.
258 954 422 1024 Irritatio
441 969 565 1025 autem
585 975 668 1050 quae
686 979 707 1024 a
724 955 906 1052 sanguine
926 952 969 1025 fit
986 955 1102 1028 vehe-
1134 983 1138 993 ·

98 1073 263 1144 mentius
284 1071 498 1170 compulso,
513 1071 634 1165 major
647 1069 746 1142 flata
763 1073 918 1144 sinistris
934 1073 1101 1170 oportet,

99 1189 219 1262 donec
239 1188 535 1266 inflammatione
552 1187 723 1258 nondum
744 1186 925 1286 perlecta,
943 1191 1009 1260 viae
1033 1215 1101 1288 per

98 1307 262 1379 irritatos
274 1306 473 1405 pulmones
489 1319 576 1377 sunt
592 1307 708 1403 magis
726 1321 906 1404 patentes.
922 1309 1101 1378 Praeterea

97 1425 175 1497 aliis
193 1425 266 1496 alia
284 1447 370 1522 pars
385 1423 510 1496 cordis
527 1447 606 1496 esse
625 1435 826 1522 potestant
845 1424 897 1494 ab
916 1439 1018 1516 ortu,
1036 1423 1100 1498 aut

97 1556 181 1639 post
192 1556 319 1613 ortum
332 1541 580 1640 proportione
591 1541 716 1612 minus
728 1539 852 1629 firma,
871 1557 912 1614 ut
925 1545 1005 1641 pari
1016 1569 1099 1615 cau-

98 1681 142 1730 sae
155 1685 238 1758 quae
251 1675 316 1730 aut
331 1658 600 1746 distendendo,
616 1675 680 1730 aut
693 1659 875 1730 irritando
890 1661 1018 1733 vitiare
1033 1687 1099 1732 cor

97 1777 232 1872 possit,
243 1777 369 1848 minus
381 1797 494 1874 quam
508 1791 644 1848 caeterae
658 1775 772 1870 hujus
785 1792 924 1874 partes,
940 1780 1098 1850 resistat.

97 1897 228 1992 Itaque
238 1894 278 1964 in
291 1893 371 1964 aliis
384 1917 451 1962 cor
463 1893 681 1962 universum
693 1913 703 1977 ,
717 1896 757 1960 in
770 1893 849 1962 aliis
862 1907 1006 1988 partem
1021 1897 1101 1988 ejus

95 2008 282 2107 aliquam,
301 2009 508 2107 praesertim
527 2031 617 2078 vero
630 1999 820 2094 a'dextris,
839 2005 1100 2104 amplificatam

95 2125 292 2198 interdum
307 2123 499 2204 offendere
509 2137 595 2223 post
606 2147 749 2222 graves,
760 2139 824 2196 aut
835 2127 1010 2224 repetitas
1022 2126 1101 2225 pul·

94 2267 256 2313 monum
271 2241 602 2331 inflammationem
615 2239 769 2312 minime
784 2255 840 2313 est
851 2243 1000 2313 mirum.
1010 2245 1100 2332 Quae

97 2385 182 2431 cum
212 2384 407 2460 possemus
433 2359 592 2430 aliorum
619 2358 944 2433 observationibus
963 2359 1099 2432 confir-

97 2502 212 2568 mare,
227 2467 393 2550 indicare
410 2477 598 2549 malumus
616 2501 727 2574 quas,
746 2475 825 2548 haec
837 2494 1096 2567 recensentes,
1136 2531 1141 2538 -

98 2591 190 2666 forte
205 2594 436 2694 legebamus,
445 2594 600 2667 illustris
610 2594 753 2668 Senacii
766 2593 832 2690 (ι),
845 2594 927 2691 qui,
941 2611 982 2665 ut
996 2596 1098 2694 apud

98 2712 218 2808 ipsum
226 2712 392 2802 videbis,
404 2737 527 2810 neque
544 2737 625 2784 rem
638 2712 745 2782 aliter
764 2711 940 2809 explicat,
955 2725 992 2782 et
1003 2735 1097 2810 saepe

97 2845 180 2924 post
195 2828 381 2928 ejusmodi
398 2827 710 2900 inflammationes
729 2853 795 2899 cor
816 2851 854 2899 se
871 2828 1004 2901 vidisse
1019 2853 1097 2899 am·
1125 2909 1129 2920 Ι

98 2943 298 3041 plificatum
322 2944 499 3035 affirmat,
514 2948 701 3045 praecipue
716 2945 906 3029 ademtis,
920 2946 1098 3042 quemad-

99 3063 251 3137 modum
264 3079 300 3136 et
312 3061 422 3136 nobis
440 3066 479 3134 in
497 3065 693 3162 proposito
709 3064 788 3135 viro
805 3063 948 3135 accidit.
963 3068 1007 3131 In
1018 3088 1095 3160 qno

100 3203 143 3278 ne
160 3181 229 3253 alia
250 3207 334 3280 quae
355 3195 489 3280 praeter
508 3195 681 3252 naturam
702 3193 964 3269 occurrerunt,
985 3183 1097 3254 omit-

99 3309 232 3389 tamus3
249 3313 384 3370 venter
401 3323 536 3396 aquam
560 3298 710 3384 habuit,
731 3321 804 3369 nec.
821 3321 997 3394 paucam,
1016 3301 1095 3394 ejus

100 3412 251 3488 similem
271 3441 352 3514 quae
368 3417 405 3486 in
423 3415 598 3505 thorace,
622 3430 659 3486 et
676 3414 894 3513 pericardio
906 3414 1093 3513 descripta

101 3544 160 3600 est.
179 3536 303 3632 Hepar
319 3532 474 3622 durum,
489 3558 533 3604 ex
551 3532 666 3604 livido
683 3532 827 3630 pallens
842 3534 1021 3620 exterius,
1035 3535 1093 3602 in-

101 3649 209 3724 terius
228 3665 353 3724 autem
371 3649 512 3722 crebris
528 3649 721 3747 particulis
737 3648 831 3722 albis
850 3650 1099 3747 variegatam·

138 4011 179 4095 (1)
199 4020 299 4080 Traite
315 4020 357 4079 du
368 4039 464 4092 eoeur,
480 4019 551 4091 1-4,
567 4016 612 4078 eh.
627 4021 659 4093 8,
676 4040 706 4076 n.
720 4021 749 4076 3.
