2816 4668
131 487 200 541 mn.
228 483 268 532 11.
297 488 343 536 ru:
360 484 505 535 ,uoams
531 485 728 552 ruonacrs,
754 488 866 536 urrsr.
888 490 985 538 xxm.
1014 461 1088 564 473

84 598 239 693 quidam
265 623 384 698 angor
412 601 508 672 intra
536 603 766 698 superiorem
795 603 960 676 thoracis
983 605 1088 674 sinis-

83 730 180 786 tram
200 731 344 813 partem
365 742 452 788 eum
473 718 639 814 spirandi
660 717 879 824 difficpltate
894 738 930 793 et
950 722 1090 792 sinistri

84 831 233 903 brachii
246 848 417 932 stupore:
433 859 515 930 quae
531 836 675 920 omnia,
688 835 754 906 ubi
767 853 892 909 motus
905 838 960 908 illi
975 835 1091 910 cessa·

85 966 191 1039 rent,
202 949 307 1022 facile
325 950 575 1023 remittebant.
588 957 638 1023 Ea
649 953 764 1048 igitur
774 955 909 1026 mulier
923 981 1008 1026 cum
1021 957 1091 1025 cir·

87 1092 128 1139 ca
141 1068 309 1139 medium
325 1066 519 1140 octobrem
536 1069 626 1138 anni
648 1073 929 1166 1707,Venetiis
946 1074 984 1141 in
1000 1095 1092 1142 cou-

86 1187 270 1276 tinentem
286 1187 456 1282 trajecta,
472 1186 588 1258 rheda
614 1185 833 1272 veheretur,
858 1189 1019 1287 laetoque
1038 1213 1092 1261 es-

16 1327 17 1334 *
89 1318 145 1375 set
161 1295 307 1391 animo,
325 1329 411 1376 ecce
432 1304 502 1375 tibi
522 1305 584 1376 ille
603 1303 704 1375 idem
732 1330 998 1403 paroxysmus:
1016 1331 1093 1404 quo

16 1457 18 1476 ι
91 1436 284 1519 correpta,
298 1435 334 1492 et
344 1423 443 1490 mori
456 1445 493 1492 se
508 1420 685 1509 aiens,ibi
698 1431 1092 1534 repentemortuaest.

90 1539 257 1610 Cadaver
276 1539 314 1608 in
336 1537 471 1609 urbem
489 1553 661 1620 vectum,
681 1561 766 1607 cum
785 1541 966 1634 postridie
983 1565 1004 1610 a
1022 1565 1094 1611 no-

16 1673 17 1678 ’
90 1651 150 1725 bis
169 1655 439 1752 inspiceretur,
463 1651 646 1724 sublivida
670 1649 786 1735 facie,
817 1669 946 1725 caetera
968 1655 1094 1728 colore

16 1793 18 1832 ῑ
92 1786 129 1842 et
144 1761 446 1841 habitu'omnino
455 1768 581 1856 bon0‚
603 1770 861 1867 superioribus
876 1787 1001 1842 tamen
1015 1795 1096 1867 par·

92 1887 196 1962 tibus
212 1887 388 1960 nonnihil
408 1889 608 1985 strigosum
630 1872 749 1958 visum
772 1903 838 1960 est.
860 1893 954 1958 Cum
972 1902 1097 1958 autem
1172 1975 1174 1979 Ι

94 2004 146 2077 01)
168 2031 209 2076 ea
230 2031 312 2104 quae
327 2005 442 2102 paulo
464 2019 550 2076 ante
568 2019 717 2075 narrata
735 2021 841 2093 sunt,
865 2005 959 2076 mihi
981 2031 1098 2077 aneu-

94 2125 268 2218 rysmatis
286 2123 449 2220 suspicio
469 2137 564 2194 esset
580 2122 626 2192 ad
639 2147 768 2195 arcum
782 2149 924 2222 magnae
943 2125 1099 2212 arteriae,

97 2266 118 2310 a
136 2239 291 2312 thorace
304 2241 454 2336 incepta
471 2239 644 2312 dissectio
660 2256 724 2312 est.
742 2245 787 2310 ln
798 2242 871 2312 hoc
887 2244 968 2339 pari
982 2242 1100 2313 utrin-

100 2381 174 2452 que
194 2358 319 2454 copia,
336 2381 406 2428 nee
427 2357 490 2428 illa
510 2358 642 2454 exigua
652 2412 663 2445 ,
686 2356 847 2431 effusum
870 2375 947 2431 erat
971 2383 1099 2431 serum

99 2499 168 2571 per
197 2500 234 2546 se
265 2489 484 2563 cruentum3
515 2475 816 2547 animadversum
849 2478 949 2548 enim
979 2474 1100 2548 fuerat

98 2590 194 2662 nihil
215 2592 403 2688 sanguinis
422 2593 473 2662 in·
488 2593 651 2690 pectoris
677 2595 862 2666 incisione
883 2595 973 2666 illuc
1000 2594 1098 2665 exci-

97 2707 203 2782 disse.
223 2709 308 2780 Sani
325 2709 542 2807 pulmones,
559 2711 629 2782 nisi
649 2713 752 2808 quod
770 2713 937 2801 dissecti,
956 2727 998 2782 ut
1011 2735 1100 2809 pos·

98 2840 158 2898 tea
169 2826 350 2914 vidimus,
369 2828 487 2898 nimio
509 2827 773 2902 redundabant
792 2851 974 2926 spumoso
1004 2852 1097 2898 sero.

100 2949 174 3016 Cor
194 2945 320 3044 potius
344 2969 523 3042 magnum
549 2959 586 3014 et
607 2944 746 3015 durum
772 2945 880 3015 valde
903 2969 945 3014 ac
969 2941 1103 3014 robus·

100 3077 192 3133 tum.
217 3067 330 3133 Aorta
348 3061 394 3132 ad
417 3076 653 3132 curvaturam
679 3085 757 3130 non
778 3083 913 3158 parum
931 3059 1102 3147 dilatata,

96 3181 198 3276 justa
214 3179 303 3250 alibi
324 3181 364 3252 in
384 3167 730 3274 trunco'ramisque
752 3176 960 3272 majoribus
979 3177 1102 3247 latitu-

62 3289 66 3298 ’
101 3297 201 3368 dine.
219 3296 293 3367 ,Sed
311 3290 410 3368 intus
437 3295 670 3392 ubicumque
701 3295 908 3382 incideres,
940 3293 1002 3364 hic
1026 3293 1102 3365 illic

100 3413 317 3510 inaequalis,
339 3436 408 3482 nec
431 3413 511 3488 sine
538 3399 654 3484 osseis
679 3409 854 3514 perfectis
878 3411 1104 3508 squamulis,

102 3531 245 3603 nedum
271 3529 413 3603 crebris
436 3529 697 3600 inchoatarum
720 3529 879 3600 indiciis.
901 3531 991 3619 Quoe
1017 3553 1104 3601 cum

102 3648 334 3736 videremus,
349 3648 566 3718 universum
586 3663 764 3718 truncum
788 3647 1106 3744 majoresque'ra-

104 3791 187 3837 mos
206 3767 422 3862 aperuimus
437 3744 445 3832 ξ
461 3763 501 3832 in
519 3763 659 3860 illoque
683 3763 730 3834 ab
746 3765 825 3860 ipsa
842 3764 987 3861 origine
1005 3784 1106 3860 pone

105 3881 347 3957 semilunares
361 3881 547 3968 valvulas,
561 3905 643 3977 quae
655 3881 756 3976 durae
770 3880 831 3951 hic
845 3881 920 3950 illic
935 3895 1059 3965 erant,
1072 3895 1109 3952 et

106 4024 192 4074 cum
217 3999 335 4071 futuri
360 4000 453 4072 ossis
470 3999 586 4094 initiis
604 3999 651 4075 ad
668 3999 793 4086 iliacas
815 4021 934 4096 usque
955 3999 1109 4071 arterias
1157 3984 1160 3987 ¹
