2824 4668
184 497 251 543 Lm.
279 495 318 539 11.
347 487 911 556 num'onnrsruonu01S‚nrrsr.
941 496 1037 544 xxrv.
1067 475 1135 574 327

130 625 174 680 nt
193 631 279 679 cum
303 608 423 678 multo
442 605 588 677 firmior
607 605 801 704 Malpiglrii
821 608 874 704 (1)
897 608 1066 683 defensio
1083 618 1138 684 vi.

131 727 310 814 deretur,
329 741 366 796 et
386 727 417 796 si·
441 723 537 796 nihil
553 722 655 793 allud
673 743 788 819 quam
811 726 1051 826 Kerchringii
1068 709 1146 802 obss·

127 844 372 938 jectationern
390 840 581 928 attendas,
599 843 710 912 etiam
734 855 845 930 esset,
865 845 982 941 mag-is
1003 849 1138 945 magis-

132 981 209 1058 que
228 986 272 1032 ex
287 985 366 1059 quo
377 958 568 1058 prodierat
582 973 762 1055 utraque,
778 957 949 1058 prolerre
960 961 1139 1038 homines

131 1079 304 1175 plerique
338 1091 541 1176 pergerent
570 1075 850 1148 observationes
889 1078 1138 1176 polyporum,

130 1195 234 1266 unde
248 1198 492 1294 proegressitet
511 1179 652 1285 morbi,
664 1209 701 1267 et
712 1195 838 1268 obitus
848 1196 1135 1294 explicarentur.

131 1318 267 1385 Fuerat
280 1315 414 1412 aliquis
429 1309 598 1402 infirma,
616 1327 652 1386 et
678 1339 772 1412 saepe
791 1315 903 1385 etiam
922 1335 1017 1414 aegra
1035 1319 1136 1389 valc-

128 1431 261 1502 tudine
278 1432 513 1529 quindecim‚
535 1447 598 1504 aut
616 1432 750 1530 viginti
759 1433 866 1530 'ipsos
888 1455 1024 1522 annos;
1048 1437 1135 1506 siin

128 1551 269 1620 mortui
285 1549 442 1624 demum
458 1549 583 1620 vcorde
600 1555 784 1646 repertus
799 1550 960 1648 polypus
984 1550 1138 1642 fuisset,

127 1665 192 1737 hic
209 1667 286 1763 jam
300 1667 388 1738 inde
401 1665 448 1737 ab
461 1667 569 1736 initio
582 1665 763 1752 extitisse,
780 1681 817 1736 et
837 1682 1042 1762 perpetuus
1057 1695 1135 1740 ma-

127 1785 254 1856 lorum
292 1785 463 1854 omnium
501 1797 634 1853 auctor
663 1779 776 1853 fuisse
799 1781 1003 1854 dicebatur.
1030 1785 1136 1856 Idem

125 1901 268 1998 pariter
294 1899 564 1994 accusabatur,
596 1899 687 1996 post'
712 1897 890 1970 morbum
922 1899 1139 1996 deprehen-

128 2041 191 2090 sus
222 2017 394 2090 celeriter
417 2013 692 2087 conficientem.
714 2019 761 2086 At
778 2038 845 2088 cor
865 2041 971 2114 aequo
993 2019 1136 2122 majus,
1164 2111 1167 2118 ¹

126 2149 191 2206 aut
205 2136 284 2231 ejus
303 2133 477 2204 auriculae
497 2133 766 2230 magnitudinis
782 2134 977 2223 mirandae,
994 2149 1032 2206 at
1049 2135 1135 2234 pul-

125 2253 442 2349 monespessime
462 2245 609 2340 affecti,
635 2265 671 2322 et
690 2259 904 2356 compressd
923 2254 1058 2351 arteria
1079 2279 1134 2326 as-

126 2389 218 2466 pera
236 2368 349 2440 simul
362 2368 704 2466 conspiciebantur.
730 2370 863 2467 Polypi
884 2371 1134 2469 culpabantur

123 2499 261 2556 tamen.
280 2487 518 2583 Quemquam
536 2510 557 2556 a
573 2509 634 2556 me
651 2487 840 2558 nominari
852 2511 931 2558 non
950 2503 1006 2560 est
1024 2511 1133 2587 opus‚·

125 2624 212 2674 cum
230 2603 307 2700 jam
336 2595 402 2674 diu
430 2605 470 2673 in
495 2604 677 2674 omnium*
696 2603 870 2676 manibus
896 2606 1033 2703 scripta
1059 2608 1133 2678 sint

124 2745 207 2818 quae
218 2719 293 2792 hoc
312 2735 507 2792 testentur.
522 2720 594 2791 Sed
607 2745 745 2792 nocere
762 2725 889 2792 tamen
904 2725 1030 2795 minus
1050 2749 1132 2822 pos·

107 2853 230 2927 ,sunt3
252 2845 342 2910 cum‘
363 2840 474 2910 simul
501 2863 630 2910 causas
657 2839 769 2911 nobis
794 2837 1008 2936 proferant,
1037 2865 1131 2936 quas

122 2957 249 3027 verius
261 2958 485 3028 incusemus.
507 2959 597 3046 Quae
615 2981 706 3029 vero
727 2981 788 3026 eas
809 2981 887 3026 non
910 2953 1129 3052 proferunt,

123 3085 165 3144 ut
181 3071 283 3144 haud
298 3073 541 3172 improbabili
561 3071 702 3144 indicio
721 3087 828 3158 sunt,
854 3095 914 3143 eas
932 3095 1026 3170 saepe
1050 3096 1130 3144 non

125 3187 237 3262 fuisse
257 3191 428 3288 quaesitas
443 3193 496 3262 sic
509 3205 694 3286 quantum
715 3189 931 3261 detrimenti
949 3214 974 3262 a,
984 3190 1131 3288 polypis

124 3327 183 3379 res
209 3308 353 3380 medica
383 3287 575 3398 retulerit,
593 3303 682 3379 'non
712 3306 873 3378 obscure
900 3305 1129 3405 significant,
1191 3354 1194 3362 κ

126 3433 211 3495 cuni
229 3427 276 3496 in
290 3439 349 3496 tot
357 3426 582 3514 cadaverum
596 3424 896 3522 inspectionibus
910 3427 1052 3523 polypo
1070 3451 1131 3498 re-

124 3557 258 3639 perte,
285 3545 370 3616 satis
402 3547 598 3641 quaesitum
625 3567 703 3614 esse
730 3545 1069 3641 pronunciaretur,
1093 3559 1129 3614 et
1186 3567 1190 3574 ·

126 3653 216 3756 qdid
245 3663 481 3759 praeteream
502 3661 677 3750 thorace,
695 3663 734 3731 in
755 3675 908 3749 ventre,
938 3662 978 3730 in
1011 3661 1134 3756 capite·

158 4024 205 4106 ω
227 4032 284 4107 012·
297 4043 376 4111 uost-
