2808 4664
290 477 360 572 276
457 499 503 544 nn
530 495 675 543 seorsus
701 495 744 540 nr
770 493 893 540 causis
919 495 1127 542 arcanorum

280 612 478 710 *plerisque
507 607 673 680 historiis
705 605 898 678 adnotatas
922 608 1097 696 memini‘3
1114 623 1227 679 certe
1251 610 1289 676 in

287 730 365 799 cive
380 727 445 797 illo
461 751 562 811 meo,
579 749 692 820 quem
706 726 745 792 in
758 724 986 794 Adversariis
1000 725 1053 820 (r)
1064 749 1290 795 commemo-

285 846 380 932 ravi,
393 841 722 942 perfrigerationes
735 841 865 910 ultima
875 840 1028 912 tandem
1042 857 1153 912 nocte
1166 866 1289 912 acces-

286 974 429 1045 serunt,
445 973 613 1053 tuncque
627 957 754 1027 urinas
764 957 840 1051 jam
853 957 1108 1053 nigrescentes
1121 957 1287 1054 quidem,

285 1102 364 1147 non
383 1097 598 1172 suppressas
609 1092 624 1158 ,⁹
638 1073 725 1143 vidi.
748 1079 828 1143 Jam
848 1097 948 1170 pone
971 1099 1085 1171 quam
1112 1075 1288 1144 malueris

286 1191 471 1290 asphyxiae
493 1213 640 1261 causam
665 1213 709 1258 ex
734 1191 778 1260 iis
799 1215 881 1286 quae
903 1192 1046 1279 solent,
1063 1206 1100 1262 et
1125 1217 1209 1289 quae
1227 1217 1288 1262 su·

285 1333 354 1409 pra
376 1306 429 1404 (a)
444 1321 655 1378 memoratae
678 1321 764 1376 sunt
778 1333 785 1374 :
802 1330 946 1403 quaere,
960 1332 1028 1377 cur
1042 1324 1210 1379 cessante
1231 1334 1288 1379 ar-

284 1428 463 1498 teriarum
483 1437 605 1511 motu,
630 1447 708 1493 non
741 1425 941 1511 continuo,
962 1440 1005 1495 ut
1029 1426 1069 1494 in
1098 1449 1287 1524 syncope,

286 1557 431 1615 cessent
442 1555 586 1627 motus,
600 1555 636 1612 et
651 1539 863 1611 functiones
876 1542 1039 1638 partium
1051 1543 1286 1612 caeterarum?

284 1661 417 1744 Dices,
444 1657 547 1756 quod
568 1673 605 1729 et
630 1658 708 1755 ipse
734 1681 916 1754 agnosce,
937 1659 976 1727 in
1002 1657 1181 1755 asphyxia
1207 1685 1286 1730 non

282 1776 399 1849 modo
420 1799 577 1846 cernon
591 1777 802 1872 quiescere,
821 1799 909 1844 nam
922 1789 958 1845 et
975 1748 1154 1846 Pissinius
1173 1775 1229 1872 (3)
1249 1779 1285 1846 in

284 1895 382 1968 clara
396 1893 515 1990 Spada
529 1891 683 1979 fatetur,
695 1915 809 1961 manu
828 1897 987 1962 sinistrae
1001 1891 1289 1990 sthoracuparn·

283 2011 455 2096 admota,
479 2010 745 2080 subobscurum
771 2008 970 2105 quemdam
994 2008 1114 2079 cordis
1143 2027 1286 2081 neotum

283 2101 505 2226 apparuisse
517 2117 536 2213 ,ἕ
546 2150 675 2196 verum
689 2151 737 2195 ne
750 2128 902 2196 arterias
925 2125 1099 2230 quidem,
1124 2128 1287 2222 majores

284 2245 489 2343 praesertim
500 2297 508 2328 ,
521 2258 556 2313 et
569 2244 786 2328 interiores,
800 2242 865 2313 sed
879 2243 1142 2314 tantummodo
1153 2245 1286 2315 leviter

282 2363 432 2432 micare.
446 2362 531 2429 Non
547 2373 671 2430 tamen
688 2361 886 2456 perspicue
900 2359 1093 2447 ostendes,
1117 2363 1185 2458 qui
1201 2360 1284 2448 fiat,

283 2493 327 2550 ut
344 2479 383 2547 in
398 2491 499 2548 tanta
512 2491 636 2548 motus
651 2477 842 2574 sanguinis
854 2477 1132 2565 imminutione,
1146 2503 1190 2550 ea
1200 2504 1286 2577 pos·

285 2586 373 2668 sent'
390 2595 477 2692 aegri
505 2619 588 2690 quae
612 2585 725 2692 paulo
748 2609 833 2664 ante
863 2596 1055 2692 proposita
1081 2611 1189 2684 sunt,
1214 2623 1284 2668 nec

280 2713 423 2812 pallor,
438 2709 570 2808 frigus,
581 2710 793 2799 hebetud0,
810 2710 1011 2807 loquendi,
1025 2712 1184 2802 edendi,
1199 2730 1283 2786 etse

280 2829 459 2900 movendi
476 2829 699 2926 impotentia
717 2829 757 2898 in
768 2853 812 2898 eo
827 2853 939 2924 quem
954 2828 1031 2898 vidi
1042 2832 1142 2927 ipse,
1161 2833 1282 2902 conti-

281 2972 361 3017 nuo
374 2946 597 3018 accesserint
612 2971 620 3014 :
636 2947 713 3014 imo
727 2947 894 3042 potentia
906 2947 945 3015 in
954 2947 1148 3020 nonnullis
1158 2965 1283 3033 restet,

281 3080 322 3134 ut
339 3079 539 3162 postquam
557 3066 725 3132 vixerint
742 3061 796 3131 ad
800 3062 934 3158 plures
951 3061 1029 3134 dim
1053 3073 1205 3137 omnino
1219 3093 1283 3164 ge-

282 3179 366 3264 lidi,
381 3203 529 3266 rursus,
546 3193 589 3250 ut
600 3181 840 3250 Ramazzinus
856 3178 910 3275 (Δ)
925 3179 1156 3270 observavit,
1170 3209 1283 3255 exca-

282 3296 427 3391 lefiant3
444 3297 659 3393 quinetiam
679 3311 720 3368 ut
735 3311 934 3395 postquam
955 3322 1017 3368 sex
1034 3297 1181 3371 dierum
1200 3326 1282 3398 spa-

279 3414 333 3484 tio
341 3413 453 3510 pulsu
466 3415 667 3500 caruerint,
679 3415 819 3513 optime
830 3414 1091 3487 convalescant
1101 3417 1281 3514 quemad-

291 3581 1290 3674 ——-—--—-†-

380 3927 450 3982 Vid.
465 3945 566 4001 supra,
579 3945 610 3980 ιι.
626 3945 655 3994 7.

383 4025 507 4082 Constit.
521 4026 571 4082 eit.
587 4044 617 4081 n.
630 4025 676 4080 33.
