<?xml version="1.0" encoding="UTF-8"?>
<!DOCTYPE html PUBLIC "-//W3C//DTD XHTML 1.0 Transitional//EN"
    "http://www.w3.org/TR/xhtml1/DTD/xhtml1-transitional.dtd">
<html xmlns="http://www.w3.org/1999/xhtml" xml:lang="en" lang="en">
 <head>
  <title>
</title>
<meta http-equiv="Content-Type" content="text/html;charset=utf-8" />
  <meta name='ocr-system' content='tesseract 3.04.00' />
  <meta name='ocr-capabilities' content='ocr_page ocr_carea ocr_par ocr_line ocrx_word'/>
</head>
<body>
  <div class='ocr_page' id='page_1' title='image "./desedibusetcaus01adelgoog_0264.png"; bbox 0 0 2808 4664; ppageno 0'>
   <div class='ocr_carea' id='block_1_1' title="bbox 149 415 1098 514">
    <p class='ocr_par' dir='ltr' id='par_1_1' title="bbox 149 415 1098 514">
     <span class='ocr_line' id='line_1_1' title="bbox 149 415 1098 514; baseline 0.003 -28"><span class='ocrx_word' id='word_1_1' title='bbox 149 441 216 486; x_wconf 80' lang='lat' dir='ltr'><em>ma.</em></span> <span class='ocrx_word' id='word_1_2' title='bbox 243 441 283 486; x_wconf 89' lang='lat'><em>11.</em></span> <span class='ocrx_word' id='word_1_3' title='bbox 311 441 356 486; x_wconf 79' lang='lat' dir='ltr'><em>os</em></span> <span class='ocrx_word' id='word_1_4' title='bbox 382 437 517 486; x_wconf 79' lang='lat' dir='ltr'><em>nonars</em></span> <span class='ocrx_word' id='word_1_5' title='bbox 542 437 736 500; x_wconf 69' lang='lat' dir='ltr'><em>anonimo,</em></span> <span class='ocrx_word' id='word_1_6' title='bbox 763 439 872 490; x_wconf 77' lang='lat' dir='ltr'><em>mrsr.</em></span> <span class='ocrx_word' id='word_1_7' title='bbox 900 439 996 486; x_wconf 80' lang='lat' dir='ltr'><strong>xxlv.</strong></span> <span class='ocrx_word' id='word_1_8' title='bbox 1027 415 1098 514; x_wconf 73' lang='lat'><em>273</em></span> 
     </span>
    </p>
   </div>
   <div class='ocr_carea' id='block_1_2' title="bbox 12 541 1187 3570">
    <p class='ocr_par' dir='ltr' id='par_1_2' title="bbox 104 541 1096 650">
     <span class='ocr_line' id='line_1_2' title="bbox 104 541 1096 650; baseline 0.003 -28"><span class='ocrx_word' id='word_1_9' title='bbox 104 541 187 624; x_wconf 86' lang='lat' dir='ltr'><em>rere</em></span> <span class='ocrx_word' id='word_1_10' title='bbox 212 552 510 650; x_wconf 88' lang='lat' dir='ltr'><em>videturpulsus</em></span> <span class='ocrx_word' id='word_1_11' title='bbox 535 550 648 637; x_wconf 89' lang='lat' dir='ltr'><em>alter,</em></span> <span class='ocrx_word' id='word_1_12' title='bbox 667 563 772 620; x_wconf 85' lang='lat' dir='ltr'><em>tanto</em></span> <span class='ocrx_word' id='word_1_13' title='bbox 795 553 919 621; x_wconf 90' lang='lat' dir='ltr'><em>minus</em></span> <span class='ocrx_word' id='word_1_14' title='bbox 946 551 1096 626; x_wconf 86' lang='lat' dir='ltr'><em>alterius</em></span> 
     </span>
    </p>

    <p class='ocr_par' dir='ltr' id='par_1_3' title="bbox 12 659 1097 767">
     <span class='ocr_line' id='line_1_3' title="bbox 12 659 1097 767; baseline 0.004 -29"><span class='ocrx_word' id='word_1_15' title='bbox 12 697 14 738; x_wconf 68' lang='lat' dir='ltr'><em>r</em></span> <span class='ocrx_word' id='word_1_16' title='bbox 105 659 310 742; x_wconf 87' lang='lat' dir='ltr'><em>omittenda</em></span> <span class='ocrx_word' id='word_1_17' title='bbox 329 665 541 767; x_wconf 56' lang='lat' dir='ltr'><em>‘exploratio</em></span> <span class='ocrx_word' id='word_1_18' title='bbox 563 683 617 738; x_wconf 90' lang='lat' dir='ltr'><em>est</em></span> <span class='ocrx_word' id='word_1_19' title='bbox 646 695 653 736; x_wconf 93' lang='lat'><strong>:</strong></span> <span class='ocrx_word' id='word_1_20' title='bbox 681 669 772 740; x_wconf 87' lang='lat' dir='ltr'><em>etsi</em></span> <span class='ocrx_word' id='word_1_21' title='bbox 803 683 961 765; x_wconf 84' lang='lat' dir='ltr'><em>uterque</em></span> <span class='ocrx_word' id='word_1_22' title='bbox 987 671 1097 760; x_wconf 86' lang='lat' dir='ltr'><em>absit,</em></span> 
     </span>
    </p>

    <p class='ocr_par' dir='ltr' id='par_1_4' title="bbox 12 774 1097 881">
     <span class='ocr_line' id='line_1_4' title="bbox 12 774 1097 881; baseline 0.004 -25"><span class='ocrx_word' id='word_1_23' title='bbox 12 817 14 856; x_wconf 76' lang='lat' dir='ltr'><em>t</em></span> <span class='ocrx_word' id='word_1_24' title='bbox 101 787 287 860; x_wconf 86' lang='lat' dir='ltr'><em>tentandae</em></span> <span class='ocrx_word' id='word_1_25' title='bbox 307 789 384 858; x_wconf 83' lang='lat' dir='ltr'><em>aliae</em></span> <span class='ocrx_word' id='word_1_26' title='bbox 398 788 539 858; x_wconf 77' lang='lat' dir='ltr'><em>arteriae</em></span> <span class='ocrx_word' id='word_1_27' title='bbox 554 799 665 873; x_wconf 45' lang='lat' dir='ltr'><em>suntr</em></span> <span class='ocrx_word' id='word_1_28' title='bbox 677 785 902 881; x_wconf 81' lang='lat' dir='ltr'>temporales</span> <span class='ocrx_word' id='word_1_29' title='bbox 913 774 1097 876; x_wconf 71' lang='lat' dir='ltr'><em>videlicei,</em></span> 
     </span>
    </p>

    <p class='ocr_par' dir='ltr' id='par_1_5' title="bbox 12 902 1158 1003">
     <span class='ocr_line' id='line_1_5' title="bbox 12 902 1158 1003; baseline 0.002 -28"><span class='ocrx_word' id='word_1_30' title='bbox 12 937 14 960; x_wconf 42' lang='grc' dir='ltr'>κ</span> <span class='ocrx_word' id='word_1_31' title='bbox 103 931 145 976; x_wconf 88' lang='lat' dir='ltr'><em>ac</em></span> <span class='ocrx_word' id='word_1_32' title='bbox 163 905 364 993; x_wconf 88' lang='lat' dir='ltr'><em>carotides,</em></span> <span class='ocrx_word' id='word_1_33' title='bbox 384 920 421 974; x_wconf 85' lang='lat' dir='ltr'><em>et</em></span> <span class='ocrx_word' id='word_1_34' title='bbox 439 904 603 998; x_wconf 89' lang='lat' dir='ltr'><em>denique</em></span> <span class='ocrx_word' id='word_1_35' title='bbox 630 903 757 988; x_wconf 86' lang='lat' dir='ltr'><em>etiam,</em></span> <span class='ocrx_word' id='word_1_36' title='bbox 778 925 864 970; x_wconf 91' lang='lat' dir='ltr'><em>cum</em></span> <span class='ocrx_word' id='word_1_37' title='bbox 891 902 990 993; x_wconf 90' lang='lat' dir='ltr'><em>licet,</em></span> <span class='ocrx_word' id='word_1_38' title='bbox 1017 931 1099 1002; x_wconf 86' lang='lat' dir='ltr'><em>quae</em></span> <span class='ocrx_word' id='word_1_39' title='bbox 1154 999 1158 1003; x_wconf 15' lang='grc' dir='ltr'>ι</span> 
     </span>
    </p>

    <p class='ocr_par' dir='ltr' id='par_1_6' title="bbox 12 1003 1187 1122">
     <span class='ocr_line' id='line_1_6' title="bbox 12 1003 1187 1122; baseline -0.007 -28"><span class='ocrx_word' id='word_1_40' title='bbox 12 1055 15 1094; x_wconf 77' lang='lat'>1</span> <span class='ocrx_word' id='word_1_41' title='bbox 101 1023 146 1094; x_wconf 90' lang='lat' dir='ltr'><em>ad</em></span> <span class='ocrx_word' id='word_1_42' title='bbox 163 1024 319 1122; x_wconf 83' lang='lat' dir='ltr'><em>inguina</em></span> <span class='ocrx_word' id='word_1_43' title='bbox 338 1023 489 1108; x_wconf 84' lang='lat' dir='ltr'><em>saliunt,</em></span> <span class='ocrx_word' id='word_1_44' title='bbox 507 1019 692 1092; x_wconf 86' lang='lat' dir='ltr'><em>crurales:</em></span> <span class='ocrx_word' id='word_1_45' title='bbox 713 1043 836 1116; x_wconf 91' lang='lat' dir='ltr'><em>neque</em></span> <span class='ocrx_word' id='word_1_46' title='bbox 856 1021 954 1090; x_wconf 89' lang='lat' dir='ltr'><em>enim</em></span> <span class='ocrx_word' id='word_1_47' title='bbox 978 1047 1099 1120; x_wconf 89' lang='lat' dir='ltr'><em>usque</em></span> <span class='ocrx_word' id='word_1_48' title='bbox 1147 1003 1149 1007; x_wconf 33' lang='lat'>¹</span> <span class='ocrx_word' id='word_1_49' title='bbox 1185 1079 1187 1086; x_wconf 83' lang='lat'>.</span> 
     </span>
    </p>

    <p class='ocr_par' dir='ltr' id='par_1_7' title="bbox 12 1134 1101 1233">
     <span class='ocr_line' id='line_1_7' title="bbox 12 1134 1101 1233; baseline 0.001 -25"><span class='ocrx_word' id='word_1_50' title='bbox 12 1177 15 1216; x_wconf 68' lang='lat'><em>2,</em></span> <span class='ocrx_word' id='word_1_51' title='bbox 100 1139 198 1210; x_wconf 90' lang='lat' dir='ltr'><em>adeo.</em></span> <span class='ocrx_word' id='word_1_52' title='bbox 210 1162 344 1210; x_wconf 87' lang='lat' dir='ltr'><em>verum</em></span> <span class='ocrx_word' id='word_1_53' title='bbox 358 1153 429 1225; x_wconf 90' lang='lat' dir='ltr'><em>est,</em></span> <span class='ocrx_word' id='word_1_54' title='bbox 450 1161 526 1208; x_wconf 91' lang='lat' dir='ltr'><em>non</em></span> <span class='ocrx_word' id='word_1_55' title='bbox 546 1142 725 1207; x_wconf 81' lang='lat' dir='ltr'><em>minorem</em></span> <span class='ocrx_word' id='word_1_56' title='bbox 739 1161 852 1233; x_wconf 66' lang='lat' dir='ltr'><em>&lt;luam</em></span> <span class='ocrx_word' id='word_1_57' title='bbox 863 1134 1017 1224; x_wconf 87' lang='lat' dir='ltr'><em>harum,</em></span> <span class='ocrx_word' id='word_1_58' title='bbox 1034 1145 1101 1212; x_wconf 78' lang='lat' dir='ltr'><em>evi-</em></span> 
     </span>
    </p>

    <p class='ocr_par' dir='ltr' id='par_1_8' title="bbox 12 1253 1119 1352">
     <span class='ocr_line' id='line_1_8' title="bbox 12 1253 1119 1352; baseline 0.002 -27"><span class='ocrx_word' id='word_1_59' title='bbox 12 1293 14 1334; x_wconf 62' lang='grc' dir='ltr'><strong>ς</strong></span> <span class='ocrx_word' id='word_1_60' title='bbox 102 1255 268 1326; x_wconf 80' lang='lat' dir='ltr'><em>dentiam</em></span> <span class='ocrx_word' id='word_1_61' title='bbox 287 1271 323 1326; x_wconf 91' lang='lat' dir='ltr'><em>et</em></span> <span class='ocrx_word' id='word_1_62' title='bbox 341 1253 633 1352; x_wconf 79' lang='lat' dir='ltr'><em>magnitudinem</em></span> <span class='ocrx_word' id='word_1_63' title='bbox 653 1277 730 1325; x_wconf 89' lang='lat' dir='ltr'><em>esse</em></span> <span class='ocrx_word' id='word_1_64' title='bbox 756 1253 981 1344; x_wconf 85' lang='lat' dir='ltr'><em>carotidum,</em></span> <span class='ocrx_word' id='word_1_65' title='bbox 1006 1281 1099 1352; x_wconf 89' lang='lat' dir='ltr'><em>quas</em></span> <span class='ocrx_word' id='word_1_66' title='bbox 1116 1307 1119 1314; x_wconf 84' lang='lat'><em>-</em></span> 
     </span>
    </p>

    <p class='ocr_par' dir='ltr' id='par_1_9' title="bbox 12 1370 1099 1462">
     <span class='ocr_line' id='line_1_9' title="bbox 12 1370 1099 1462; baseline 0.001 -20"><span class='ocrx_word' id='word_1_67' title='bbox 12 1413 15 1456; x_wconf 70' lang='lat'><em>3</em></span> <span class='ocrx_word' id='word_1_68' title='bbox 99 1387 247 1462; x_wconf 88' lang='lat' dir='ltr'><em>tamen,</em></span> <span class='ocrx_word' id='word_1_69' title='bbox 267 1372 316 1444; x_wconf 90' lang='lat' dir='ltr'><em>ob</em></span> <span class='ocrx_word' id='word_1_70' title='bbox 334 1375 458 1444; x_wconf 89' lang='lat' dir='ltr'><em>minus</em></span> <span class='ocrx_word' id='word_1_71' title='bbox 479 1396 499 1443; x_wconf 89' lang='lat' dir='ltr'><em>a</em></span> <span class='ocrx_word' id='word_1_72' title='bbox 519 1371 633 1442; x_wconf 88' lang='lat' dir='ltr'><em>corde</em></span> <span class='ocrx_word' id='word_1_73' title='bbox 652 1370 909 1458; x_wconf 87' lang='lat' dir='ltr'><em>intervallum,</em></span> <span class='ocrx_word' id='word_1_74' title='bbox 939 1398 1018 1442; x_wconf 87' lang='lat' dir='ltr'><em>non</em></span> <span class='ocrx_word' id='word_1_75' title='bbox 1039 1399 1099 1444; x_wconf 90' lang='lat' dir='ltr'><em>me</em></span> 
     </span>
    </p>

    <p class='ocr_par' dir='ltr' id='par_1_10' title="bbox 12 1487 1097 1589">
     <span class='ocr_line' id='line_1_10' title="bbox 12 1487 1097 1589; baseline 0.003 -31"><span class='ocrx_word' id='word_1_76' title='bbox 12 1545 14 1558; x_wconf 89' lang='lat'>.</span> <span class='ocrx_word' id='word_1_77' title='bbox 99 1487 196 1589; x_wconf 78' lang='lat' dir='ltr'><em>fugit</em></span> <span class='ocrx_word' id='word_1_78' title='bbox 214 1489 395 1588; x_wconf 87' lang='lat' dir='ltr'><em>peculiari</em></span> <span class='ocrx_word' id='word_1_79' title='bbox 418 1511 499 1560; x_wconf 90' lang='lat' dir='ltr'><em>esse</em></span> <span class='ocrx_word' id='word_1_80' title='bbox 524 1489 563 1558; x_wconf 93' lang='lat' dir='ltr'><em>in</em></span> <span class='ocrx_word' id='word_1_81' title='bbox 589 1512 629 1558; x_wconf 92' lang='lat' dir='ltr'><em>re</em></span> <span class='ocrx_word' id='word_1_82' title='bbox 648 1487 718 1558; x_wconf 89' lang='lat' dir='ltr'><em>hac</em></span> <span class='ocrx_word' id='word_1_83' title='bbox 732 1489 939 1559; x_wconf 81' lang='lat' dir='ltr'><em>attentione</em></span> <span class='ocrx_word' id='word_1_84' title='bbox 956 1489 1097 1588; x_wconf 84' lang='lat' dir='ltr'><em>dignes.</em></span> 
     </span>
    </p>

    <p class='ocr_par' dir='ltr' id='par_1_11' title="bbox 12 1603 1100 1701">
     <span class='ocr_line' id='line_1_11' title="bbox 12 1603 1100 1701; baseline -0.001 -23"><span class='ocrx_word' id='word_1_85' title='bbox 12 1683 13 1692; x_wconf 9' lang='grc' dir='ltr'>χ</span> <span class='ocrx_word' id='word_1_86' title='bbox 97 1611 162 1678; x_wconf 91' lang='lat' dir='ltr'><em>Est</em></span> <span class='ocrx_word' id='word_1_87' title='bbox 184 1609 298 1678; x_wconf 88' lang='lat' dir='ltr'><em>etiarn</em></span> <span class='ocrx_word' id='word_1_88' title='bbox 317 1621 521 1701; x_wconf 90' lang='lat' dir='ltr'><em>utrumque</em></span> <span class='ocrx_word' id='word_1_89' title='bbox 541 1603 725 1700; x_wconf 76' lang='lat' dir='ltr'><em>asphyxiae</em></span> <span class='ocrx_word' id='word_1_90' title='bbox 751 1628 867 1699; x_wconf 83' lang='lat' dir='ltr'><em>genus</em></span> <span class='ocrx_word' id='word_1_91' title='bbox 896 1607 1100 1701; x_wconf 86' lang='lat' dir='ltr'><em>aliquando</em></span> 
     </span>
    </p>

    <p class='ocr_par' dir='ltr' id='par_1_12' title="bbox 12 1717 1102 1821">
     <span class='ocr_line' id='line_1_12' title="bbox 12 1717 1102 1821; baseline -0.002 -27"><span class='ocrx_word' id='word_1_92' title='bbox 12 1771 14 1812; x_wconf 74' lang='lat'>3</span> <span class='ocrx_word' id='word_1_93' title='bbox 97 1724 145 1795; x_wconf 90' lang='lat' dir='ltr'><em>ab</em></span> <span class='ocrx_word' id='word_1_94' title='bbox 161 1724 436 1821; x_wconf 88' lang='lat' dir='ltr'><em>impedimento</em></span> <span class='ocrx_word' id='word_1_95' title='bbox 453 1719 658 1791; x_wconf 86' lang='lat' dir='ltr'><em>adventitio</em></span> <span class='ocrx_word' id='word_1_96' title='bbox 669 1717 885 1808; x_wconf 80' lang='lat' dir='ltr'><em>ambarum,</em></span> <span class='ocrx_word' id='word_1_97' title='bbox 901 1735 965 1790; x_wconf 88' lang='lat' dir='ltr'><em>aut</em></span> <span class='ocrx_word' id='word_1_98' title='bbox 976 1723 1102 1818; x_wconf 85' lang='lat' dir='ltr'><em>singu-</em></span> 
     </span>
    </p>

    <p class='ocr_par' dir='ltr' id='par_1_13' title="bbox 12 1837 1103 1933">
     <span class='ocr_line' id='line_1_13' title="bbox 12 1837 1103 1933; baseline -0.004 -21"><span class='ocrx_word' id='word_1_99' title='bbox 12 1889 13 1896; x_wconf 23' lang='grc' dir='ltr'><strong>κ</strong></span> <span class='ocrx_word' id='word_1_100' title='bbox 96 1841 224 1912; x_wconf 87' lang='lat' dir='ltr'><em>larum</em></span> <span class='ocrx_word' id='word_1_101' title='bbox 259 1841 480 1910; x_wconf 82' lang='lat' dir='ltr'><em>arteriarum</em></span> <span class='ocrx_word' id='word_1_102' title='bbox 504 1859 597 1932; x_wconf 83' lang='lat' dir='ltr'><em>quas</em></span> <span class='ocrx_word' id='word_1_103' title='bbox 622 1837 661 1904; x_wconf 88' lang='lat' dir='ltr'><em>in</em></span> <span class='ocrx_word' id='word_1_104' title='bbox 690 1837 810 1931; x_wconf 86' lang='lat' dir='ltr'><em>carpis</em></span> <span class='ocrx_word' id='word_1_105' title='bbox 835 1851 987 1933; x_wconf 84' lang='lat' dir='ltr'><em>tangere</em></span> <span class='ocrx_word' id='word_1_106' title='bbox 1017 1863 1103 1910; x_wconf 91' lang='lat' dir='ltr'><em>con-</em></span> 
     </span>
    </p>

    <p class='ocr_par' dir='ltr' id='par_1_14' title="bbox 12 1951 1175 2986">
     <span class='ocr_line' id='line_1_14' title="bbox 12 1951 1104 2049; baseline -0.005 -19"><span class='ocrx_word' id='word_1_107' title='bbox 12 2043 13 2049; x_wconf 12' lang='lat'><em>*</em></span> <span class='ocrx_word' id='word_1_108' title='bbox 98 1960 319 2030; x_wconf 90' lang='lat' dir='ltr'><em>suevimus:</em></span> <span class='ocrx_word' id='word_1_109' title='bbox 341 1979 412 2030; x_wconf 91' lang='lat' dir='ltr'><em>nec</em></span> <span class='ocrx_word' id='word_1_110' title='bbox 437 1952 523 2024; x_wconf 84' lang='lat' dir='ltr'><em>talia</em></span> <span class='ocrx_word' id='word_1_111' title='bbox 544 1953 582 2021; x_wconf 91' lang='lat' dir='ltr'><em>in</em></span> <span class='ocrx_word' id='word_1_112' title='bbox 603 1951 849 2048; x_wconf 87' lang='lat' dir='ltr'><em>Sepulchreto</em></span> <span class='ocrx_word' id='word_1_113' title='bbox 872 1953 915 2048; x_wconf 68' lang='lat' dir='ltr'><em>(a</em></span> <span class='ocrx_word' id='word_1_114' title='bbox 937 1953 1104 2048; x_wconf 76' lang='lat' dir='ltr'><em>&gt;desunt</em></span> 
     </span>
     <span class='ocr_line' id='line_1_15' title="bbox 96 2067 1101 2169; baseline -0.006 -21"><span class='ocrx_word' id='word_1_115' title='bbox 96 2068 287 2169; x_wconf 86' lang='lat' dir='ltr'><em>exempla.</em></span> <span class='ocrx_word' id='word_1_116' title='bbox 310 2071 366 2142; x_wconf 89' lang='lat' dir='ltr'><em>Ad</em></span> <span class='ocrx_word' id='word_1_117' title='bbox 393 2094 520 2166; x_wconf 86' lang='lat' dir='ltr'><em>eaque</em></span> <span class='ocrx_word' id='word_1_118' title='bbox 534 2067 627 2150; x_wconf 89' lang='lat' dir='ltr'><em>illud</em></span> <span class='ocrx_word' id='word_1_119' title='bbox 652 2069 815 2166; x_wconf 90' lang='lat' dir='ltr'><em>pertinet</em></span> <span class='ocrx_word' id='word_1_120' title='bbox 838 2070 945 2165; x_wconf 78' lang='lat' dir='ltr'><em>&#39;quod</em></span> <span class='ocrx_word' id='word_1_121' title='bbox 969 2076 1101 2142; x_wconf 89' lang='lat' dir='ltr'><em>Lanci-</em></span> 
     </span>
     <span class='ocr_line' id='line_1_16' title="bbox 99 2185 1104 2284; baseline -0.001 -23"><span class='ocrx_word' id='word_1_122' title='bbox 99 2193 182 2262; x_wconf 90' lang='lat' dir='ltr'><em>sius</em></span> <span class='ocrx_word' id='word_1_123' title='bbox 208 2187 278 2284; x_wconf 83' lang='lat'><em>(2)</em></span> <span class='ocrx_word' id='word_1_124' title='bbox 299 2187 456 2274; x_wconf 85' lang='lat' dir='ltr'><em>indicat,</em></span> <span class='ocrx_word' id='word_1_125' title='bbox 478 2201 515 2258; x_wconf 88' lang='lat' dir='ltr'><em>et</em></span> <span class='ocrx_word' id='word_1_126' title='bbox 538 2209 609 2258; x_wconf 87' lang='lat' dir='ltr'><em>nos</em></span> <span class='ocrx_word' id='word_1_127' title='bbox 630 2185 811 2274; x_wconf 85' lang='lat' dir='ltr'><em>vidimus,</em></span> <span class='ocrx_word' id='word_1_128' title='bbox 828 2193 866 2256; x_wconf 90' lang='lat' dir='ltr'><em>in</em></span> <span class='ocrx_word' id='word_1_129' title='bbox 883 2189 1104 2260; x_wconf 76' lang='lat' dir='ltr'><em>Marchione</em></span> 
     </span>
     <span class='ocr_line' id='line_1_17' title="bbox 98 2302 1103 2402; baseline 0.003 -26"><span class='ocrx_word' id='word_1_130' title='bbox 98 2303 297 2376; x_wconf 85' lang='lat' dir='ltr'><em>Panlutio.</em></span> <span class='ocrx_word' id='word_1_131' title='bbox 328 2303 475 2374; x_wconf 86' lang='lat' dir='ltr'><em>Scilicet</em></span> <span class='ocrx_word' id='word_1_132' title='bbox 504 2302 672 2399; x_wconf 82' lang='lat' dir='ltr'><em>designat</em></span> <span class='ocrx_word' id='word_1_133' title='bbox 695 2303 1103 2402; x_wconf 84' lang='lat' dir='ltr'><em>eumdemgenerosis·</em></span> 
     </span>
     <span class='ocr_line' id='line_1_18' title="bbox 97 2418 1175 2512; baseline 0.001 -19"><span class='ocrx_word' id='word_1_134' title='bbox 97 2424 244 2494; x_wconf 90' lang='lat' dir='ltr'><em>simum</em></span> <span class='ocrx_word' id='word_1_135' title='bbox 271 2421 416 2506; x_wconf 90' lang='lat' dir='ltr'><em>virum,</em></span> <span class='ocrx_word' id='word_1_136' title='bbox 446 2419 550 2512; x_wconf 87' lang='lat' dir='ltr'><em>cujus</em></span> <span class='ocrx_word' id='word_1_137' title='bbox 582 2418 628 2488; x_wconf 89' lang='lat' dir='ltr'><em>de</em></span> <span class='ocrx_word' id='word_1_138' title='bbox 652 2418 788 2489; x_wconf 90' lang='lat' dir='ltr'><em>morbo</em></span> <span class='ocrx_word' id='word_1_139' title='bbox 815 2436 851 2492; x_wconf 92' lang='lat' dir='ltr'><em>et</em></span> <span class='ocrx_word' id='word_1_140' title='bbox 878 2421 1102 2494; x_wconf 89' lang='lat' dir='ltr'><em>dissectione</em></span> <span class='ocrx_word' id='word_1_141' title='bbox 1173 2463 1175 2467; x_wconf 34' lang='lat' dir='ltr'>v</span> 
     </span>
     <span class='ocr_line' id='line_1_19' title="bbox 97 2534 1102 2639; baseline 0.002 -28"><span class='ocrx_word' id='word_1_142' title='bbox 97 2540 287 2639; x_wconf 81' lang='lat' dir='ltr'><em>pleraque</em></span> <span class='ocrx_word' id='word_1_143' title='bbox 306 2537 395 2608; x_wconf 86' lang='lat' dir='ltr'><em>alias</em></span> <span class='ocrx_word' id='word_1_144' title='bbox 411 2534 476 2632; x_wconf 78' lang='lat'><em>(3)</em></span> <span class='ocrx_word' id='word_1_145' title='bbox 494 2535 541 2606; x_wconf 88' lang='lat' dir='ltr'><em>ad</em></span> <span class='ocrx_word' id='word_1_146' title='bbox 557 2551 592 2606; x_wconf 86' lang='lat' dir='ltr'><em>te</em></span> <span class='ocrx_word' id='word_1_147' title='bbox 609 2537 826 2633; x_wconf 86' lang='lat' dir='ltr'><em>scripsimus</em></span> <span class='ocrx_word' id='word_1_148' title='bbox 843 2565 850 2606; x_wconf 78' lang='grc' dir='ltr'><strong><em>ε</em></strong></span> <span class='ocrx_word' id='word_1_149' title='bbox 870 2539 1008 2636; x_wconf 84' lang='lat' dir='ltr'><em>quibus</em></span> <span class='ocrx_word' id='word_1_150' title='bbox 1028 2541 1102 2613; x_wconf 90' lang='lat' dir='ltr'><em>hoc</em></span> 
     </span>
     <span class='ocr_line' id='line_1_20' title="bbox 97 2651 1103 2767; baseline 0.004 -39"><span class='ocrx_word' id='word_1_151' title='bbox 97 2679 263 2756; x_wconf 88' lang='lat' dir='ltr'><em>quoque</em></span> <span class='ocrx_word' id='word_1_152' title='bbox 277 2651 414 2726; x_wconf 88' lang='lat' dir='ltr'><em>addere</em></span> <span class='ocrx_word' id='word_1_153' title='bbox 433 2677 503 2767; x_wconf 85' lang='lat' dir='ltr'><em>pro</em></span> <span class='ocrx_word' id='word_1_154' title='bbox 524 2667 626 2723; x_wconf 90' lang='lat' dir='ltr'><em>certo</em></span> <span class='ocrx_word' id='word_1_155' title='bbox 642 2669 772 2750; x_wconf 86' lang='lat' dir='ltr'><em>potes,</em></span> <span class='ocrx_word' id='word_1_156' title='bbox 790 2655 829 2724; x_wconf 91' lang='lat' dir='ltr'><em>in</em></span> <span class='ocrx_word' id='word_1_157' title='bbox 858 2679 970 2753; x_wconf 87' lang='lat' dir='ltr'><em>carpo</em></span> <span class='ocrx_word' id='word_1_158' title='bbox 996 2659 1103 2732; x_wconf 88' lang='lat' dir='ltr'><em>sinis·</em></span> 
     </span>
     <span class='ocr_line' id='line_1_21' title="bbox 96 2771 1102 2870; baseline -0.001 -24"><span class='ocrx_word' id='word_1_159' title='bbox 96 2791 161 2846; x_wconf 90' lang='lat' dir='ltr'><em>tro</em></span> <span class='ocrx_word' id='word_1_160' title='bbox 186 2772 340 2870; x_wconf 89' lang='lat' dir='ltr'><em>pulsum</em></span> <span class='ocrx_word' id='word_1_161' title='bbox 366 2772 510 2868; x_wconf 90' lang='lat' dir='ltr'><em>percipi</em></span> <span class='ocrx_word' id='word_1_162' title='bbox 529 2795 607 2840; x_wconf 88' lang='lat' dir='ltr'><em>non</em></span> <span class='ocrx_word' id='word_1_163' title='bbox 636 2771 812 2868; x_wconf 86' lang='lat' dir='ltr'><em>potuisse.</em></span> <span class='ocrx_word' id='word_1_164' title='bbox 840 2775 938 2843; x_wconf 90' lang='lat' dir='ltr'><em>Num</em></span> <span class='ocrx_word' id='word_1_165' title='bbox 962 2775 1102 2845; x_wconf 84' lang='lat' dir='ltr'><em>veroid</em></span> 
     </span>
     <span class='ocr_line' id='line_1_22' title="bbox 98 2886 1104 2986; baseline -0.005 -22"><span class='ocrx_word' id='word_1_166' title='bbox 98 2915 215 2964; x_wconf 85' lang='lat' dir='ltr'><em>exeo</em></span> <span class='ocrx_word' id='word_1_167' title='bbox 234 2887 358 2973; x_wconf 83' lang='lat' dir='ltr'><em>fuerit,</em></span> <span class='ocrx_word' id='word_1_168' title='bbox 375 2886 477 2984; x_wconf 89' lang='lat' dir='ltr'><em>quod</em></span> <span class='ocrx_word' id='word_1_169' title='bbox 496 2887 720 2984; x_wconf 79' lang='lat' dir='ltr'><em>polyposum</em></span> <span class='ocrx_word' id='word_1_170' title='bbox 743 2912 881 2986; x_wconf 91' lang='lat' dir='ltr'><em>corpus</em></span> <span class='ocrx_word' id='word_1_171' title='bbox 895 2886 1011 2960; x_wconf 83' lang='lat' dir='ltr'><em>ferme</em></span> <span class='ocrx_word' id='word_1_172' title='bbox 1031 2892 1104 2959; x_wconf 87' lang='lat' dir='ltr'><em>im-</em></span> 
     </span>
    </p>

    <p class='ocr_par' dir='ltr' id='par_1_15' title="bbox 21 3003 1165 3570">
     <span class='ocr_line' id='line_1_23' title="bbox 21 3003 1105 3107; baseline -0.006 -23"><span class='ocrx_word' id='word_1_173' title='bbox 21 3079 24 3084; x_wconf 88' lang='lat'>.</span> <span class='ocrx_word' id='word_1_174' title='bbox 93 3007 234 3107; x_wconf 89' lang='lat' dir='ltr'><em>plebat</em></span> <span class='ocrx_word' id='word_1_175' title='bbox 252 3005 437 3078; x_wconf 85' lang='lat' dir='ltr'><em>sinistram</em></span> <span class='ocrx_word' id='word_1_176' title='bbox 454 3005 626 3074; x_wconf 82' lang='lat' dir='ltr'><em>arteriam</em></span> <span class='ocrx_word' id='word_1_177' title='bbox 643 3003 887 3088; x_wconf 84' lang='lat' dir='ltr'><em>subclaviam,</em></span> <span class='ocrx_word' id='word_1_178' title='bbox 908 3031 982 3100; x_wconf 88' lang='lat' dir='ltr'><em>qua</em></span> <span class='ocrx_word' id='word_1_179' title='bbox 995 3009 1105 3078; x_wconf 80' lang='lat' dir='ltr'><em>ratio</em></span> 
     </span>
     <span class='ocr_line' id='line_1_24' title="bbox 91 3120 1102 3212; baseline -0.002 -16"><span class='ocrx_word' id='word_1_180' title='bbox 91 3151 143 3197; x_wconf 90' lang='lat' dir='ltr'><em>ne</em></span> <span class='ocrx_word' id='word_1_181' title='bbox 160 3123 370 3196; x_wconf 84' lang='lat' dir='ltr'><em>consimilis</em></span> <span class='ocrx_word' id='word_1_182' title='bbox 384 3124 494 3199; x_wconf 86' lang='lat' dir='ltr'><em>etiam</em></span> <span class='ocrx_word' id='word_1_183' title='bbox 506 3121 737 3212; x_wconf 64' lang='lat' dir='ltr'><em>obsectione,</em></span> <span class='ocrx_word' id='word_1_184' title='bbox 752 3124 792 3193; x_wconf 89' lang='lat' dir='ltr'><em>in</em></span> <span class='ocrx_word' id='word_1_185' title='bbox 810 3120 927 3191; x_wconf 91' lang='lat' dir='ltr'><em>nobili</em></span> <span class='ocrx_word' id='word_1_186' title='bbox 939 3123 1011 3193; x_wconf 86' lang='lat' dir='ltr'><em>alio</em></span> <span class='ocrx_word' id='word_1_187' title='bbox 1022 3125 1102 3195; x_wconf 92' lang='lat' dir='ltr'><em>viro</em></span> 
     </span>
     <span class='ocr_line' id='line_1_25' title="bbox 93 3238 1103 3341; baseline -0.001 -28"><span class='ocrx_word' id='word_1_188' title='bbox 93 3258 236 3341; x_wconf 86' lang='lat' dir='ltr'><em>postea</em></span> <span class='ocrx_word' id='word_1_189' title='bbox 261 3239 406 3328; x_wconf 85' lang='lat' dir='ltr'><em>hahita,</em></span> <span class='ocrx_word' id='word_1_190' title='bbox 437 3240 616 3336; x_wconf 83' lang='lat' dir='ltr'><em>explicata</em></span> <span class='ocrx_word' id='word_1_191' title='bbox 643 3253 715 3326; x_wconf 87' lang='lat' dir='ltr'><em>est,</em></span> <span class='ocrx_word' id='word_1_192' title='bbox 744 3263 792 3308; x_wconf 86' lang='lat' dir='ltr'><em>an</em></span> <span class='ocrx_word' id='word_1_193' title='bbox 811 3238 962 3311; x_wconf 88' lang='lat' dir='ltr'><em>aliunde</em></span> <span class='ocrx_word' id='word_1_194' title='bbox 984 3245 1103 3340; x_wconf 90' lang='lat' dir='ltr'><em>repeti</em></span> 
     </span>
     <span class='ocr_line' id='line_1_26' title="bbox 91 3356 1165 3460; baseline 0 -28"><span class='ocrx_word' id='word_1_195' title='bbox 91 3358 289 3460; x_wconf 89' lang='lat' dir='ltr'><em>potuerit;</em></span> <span class='ocrx_word' id='word_1_196' title='bbox 312 3383 398 3427; x_wconf 93' lang='lat' dir='ltr'><em>cum</em></span> <span class='ocrx_word' id='word_1_197' title='bbox 416 3356 568 3445; x_wconf 83' lang='lat' dir='ltr'><em>absens,</em></span> <span class='ocrx_word' id='word_1_198' title='bbox 592 3379 813 3451; x_wconf 88' lang='lat' dir='ltr'><em>aneurysma</em></span> <span class='ocrx_word' id='word_1_199' title='bbox 830 3356 933 3453; x_wconf 91' lang='lat' dir='ltr'><em>quod</em></span> <span class='ocrx_word' id='word_1_200' title='bbox 951 3357 997 3428; x_wconf 92' lang='lat' dir='ltr'><em>ad</em></span> <span class='ocrx_word' id='word_1_201' title='bbox 1017 3365 1106 3431; x_wconf 76' lang='lat' dir='ltr'><em>cur-&#39;</em></span> <span class='ocrx_word' id='word_1_202' title='bbox 1164 3427 1165 3431; x_wconf 73' lang='grc'>,</span> 
     </span>
     <span class='ocr_line' id='line_1_27' title="bbox 89 3475 1102 3570; baseline 0.002 -26"><span class='ocrx_word' id='word_1_203' title='bbox 89 3493 274 3552; x_wconf 85' lang='lat' dir='ltr'><em>vaturam</em></span> <span class='ocrx_word' id='word_1_204' title='bbox 294 3489 404 3545; x_wconf 85' lang='lat' dir='ltr'><em>aortae</em></span> <span class='ocrx_word' id='word_1_205' title='bbox 424 3488 519 3558; x_wconf 88' lang='lat' dir='ltr'><em>erat,</em></span> <span class='ocrx_word' id='word_1_206' title='bbox 539 3475 618 3570; x_wconf 90' lang='lat' dir='ltr'><em>ipse</em></span> <span class='ocrx_word' id='word_1_207' title='bbox 641 3498 720 3543; x_wconf 92' lang='lat' dir='ltr'><em>non</em></span> <span class='ocrx_word' id='word_1_208' title='bbox 734 3475 1039 3563; x_wconf 85' lang='lat' dir='ltr'><em>examinaverim‚</em></span> <span class='ocrx_word' id='word_1_209' title='bbox 1062 3479 1102 3546; x_wconf 91' lang='lat' dir='ltr'><em>in</em></span> 
     </span>
    </p>
   </div>
   <div class='ocr_carea' id='block_1_3' title="bbox 91 3644 1099 3674">
    <p class='ocr_par' dir='ltr' id='par_1_16' title="bbox 91 3644 1099 3674">
     <span class='ocr_line' id='line_1_28' title="bbox 91 3644 1099 3674; baseline 0 -5"><span class='ocrx_word' id='word_1_210' title='bbox 91 3644 1099 3674; x_wconf 49' lang='lat' dir='ltr'><em>*mu—*W</em></span> 
     </span>
    </p>
   </div>
   <div class='ocr_carea' id='block_1_4' title="bbox 0 0 1408 4664">
    <p class='ocr_par' dir='ltr' id='par_1_17' title="bbox 0 0 1408 4664">
     <span class='ocr_line' id='line_1_29' title="bbox 0 0 1408 4664; baseline 0 3"><span class='ocrx_word' id='word_1_211' title='bbox 0 0 1408 4664; x_wconf 95' lang='lat' dir='ltr'><em> </em></span> 
     </span>
    </p>
   </div>
  </div>
 </body>
</html>
