2850 4668
176 414 255 460 ΗΒ.
283 415 323 462 11·
351 414 398 460 DE
424 411 560 462 monms
584 410 782 478 mortuom,
806 411 917 470 EPIST.
944 418 1016 465 xxt.
1070 423 1116 494 29

96 530 186 625 guis
201 551 252 599 ea
263 525 337 618 die,
349 553 431 624 quac
441 525 566 598 morbi
578 525 752 599 videlicet
764 543 842 600 erat
853 532 1000 628 quinta,
1014 538 1119 610 emis-

94 668 160 718 sus
178 645 233 718 ad
255 647 385 720 uncias
413 660 519 732 octo,
543 644 616 716 seri
636 667 716 725 non
736 645 822 743 plus
849 646 980 722 habuit
1003 679 1116 750 quam

93 788 178 834 uno
207 763 403 836 cochleari
427 761 719 876 excipiposset:
740 761 779 833 id
800 779 879 836 erat
898 768 1113 842 turbidum:

94 886 230 954 crust'a
243 893 375 954 autem
391 878 503 968 flava,
521 881 561 956 in
578 903 797 978 summaque
816 883 1013 981 superficie
1031 913 1115 985 quae

31 1019 51 1031 ”
92 1023 274 1074 concava
291 1013 385 1086 erat,
402 995 525 1070 lividis
544 999 696 1096 punctis
721 997 914 1091 distincta,
936 1002 1033 1076 duos
1056 1006 1114 1077 di-

91 1117 194 1214 gitos
213 1117 308 1205 alta,
324 1114 493 1188 scissioni
512 1114 707 1216 resistens3
725 1129 762 1187 at
782 1116 994 1214 subjectum
1015 1146 1112 1195 cras·

90 1249 318 1309 samentum
333 1230 507 1305 diffluens
518 1234 558 1302 in
568 1247 625 1304 tot
634 1235 741 1330 quasi
754 1238 957 1334 grumulos.
971 1244 1015 1312 In
1025 1265 1113 1340 spu·
1203 1283 1208 1288 -

89 1352 138 1424 tis
152 1366 295 1450 postea
312 1353 484 1452 apparuit
496 1351 655 1449 sanguis.
673 1355 769 1424 Cum
779 1355 935 1428 morbus
947 1321 1042 1429 obiit
1054 1384 1111 1432 re-

89 1470 288 1559 mitteret,
307 1493 403 1542 vena
418 1469 555 1541 iterum
567 1483 666 1542 secta
678 1485 733 1542 est
748 1469 808 1544 die
825 1474 992 1570 septima.
1004 1479 1109 1548 Tunc

90 1602 228 1680 crusta
242 1587 416 1686 apparuit
431 1587 574 1675 tenuis;
592 1610 715 1659 serum
725 1601 869 1676 autem,
886 1591 991 1688 quod
1005 1597 1109 1675 aurei

90 1719 173 1778 erat
196 1705 356 1795 coloris,
375 1707 475 1800 justa
502 1700 573 1776 luit
599 1705 730 1802 copia,
756 1719 793 1777 et
811 1725 1108 1798 crassamentum

88 1823 264 1896 naturali
277 1821 520 1894 firmitudine.
541 1823 658 1916 Sputo
677 1822 896 1912 imminuto,
915 1840 951 1896 et
968 1831 1107 1902 caeteris

88 1940 281 2034 omnibus
297 1935 604 2037 persistentibus,
622 1961 709 2006 cum
727 1935 845 2009 homo
864 1940 1025 2038 amplius
1051 1946 1108 2016 lo.
1208 1994 1212 2008 .

87 2059 159 2155 qui
176 2079 265 2130 uon
281 2069 426 2154 posset,
439 2053 482 2124 in
495 2053 689 2126 dexterum
703 2067 831 2158 ⁴autem
844 2055 940 2130 latus
959 2083 997 2131 se
1016 2085 1106 2132 con·

85 2175 290 2264 uertisset,
307 2174 347 2244 in
360 2171 435 2248 hoc
449 2170 609 2261 cubans,
623 2171 788 2269 placide,
803 2188 839 2244 et
853 2175 933 2248 sine
948 2192 1105 2254 stertore

89 2305 270 2368 mortuus
292 2304 348 2364 est
364 2304 494 2362 octava
513 2288 585 2360 die.
611 2287 817 2360 Thoracem
846 2293 1027 2388 postridie
1048 2321 1107 2370 se-

91 2419 247 2496 cantes,
272 2407 494 2507 pulmonem
523 2404 719 2478 dexterum
743 2407 957 2483 invenimus
981 2412 1106 2488 adhae-

92 2539 247 2608 rentem
267 2521 385 2596 ferme
412 2523 582 2621 undique
603 2521 652 2593 ad
670 2511 861 2620 pleuram,
888 2528 941 2598 sic
961 2542 1103 2625 tamen,

94 2657 136 2714 ut
152 2640 285 2732 facile,
300 2642 488 2740 illaesaque
502 2665 567 2713 sua
577 2638 818 2731 membrana,
836 2649 999 2742 separari
1016 2673 1103 2746 pos-

95 2773 167 2843 set3
185 2761 218 2832 si
228 2758 309 2830 lobi
325 2759 529 2858 superioris
548 2781 762 2858 supremam
775 2775 919 2857 partem
931 2764 1101 2863 excipias.

94 2874 179 2954 llaec,
190 2878 296 2948 enim
309 2899 395 2948 cum
408 2876 540 2974 pleura
554 2889 715 2947 connata
727 2891 817 2965 erat,
832 2877 1007 2978 intraque
1020 2883 1104 2955 sub·

97 2971 271 3066 stantiam
284 3018 329 3064 ex
345 2992 460 3065 livido
477 3007 595 3066 atram
613 2991 740 3089 plures
756 2995 975 3068 continebat
988 2999 1104 3070 cellu-

97 3104 148 3180 las
172 3109 377 3196 rotundas,
400 3123 549 3208 parvas,
569 3109 727 3206 proprio
751 3097 913 3206 singulas
937 3109 1106 3188 folliculo

97 3225 268 3325 undique
282 3225 573 3325 comprehensas
586 3280 595 3314 ,
608 3239 651 3296 ut
665 3225 809 3314 nullus,
833 3243 1018 3324 quantum
1035 3233 1103 3305 oh-

99 3361 244 3424 servare
261 3345 382 3433 licuit,
392 3357 536 3442 pateret
545 3344 684 3431 exitus,
699 3343 806 3416 laeves
816 3346 937 3435 intus,
949 3363 986 3419 et
997 3373 1104 3447 pror-

100 3479 158 3531 sus
179 3462 336 3534 inanes:
359 3486 451 3559 quas
467 3461 613 3558 antiqui
636 3459 780 3549 morbi,
800 3458 847 3532 de
865 3485 942 3559 quo
958 3465 1104 3543 indica·

101 3585 177 3646 tum
193 3595 268 3667 est,
287 3575 440 3676 vestigia
461 3601 540 3650 esse
562 3579 701 3650 censui.
724 3575 830 3648 Odor
844 3581 1019 3654 exincisa
1033 3585 1104 3659 hac

104 3692 290 3784 pulmonis
312 3711 419 3795 parte
451 3694 631 3766 existebat
653 3693 773 3792 qualis
803 3720 848 3766 ex
873 3696 981 3769 acido
999 3725 1102 3794 sero,

104 3805 176 3890 sive
195 3837 240 3883 ex
258 3829 324 3886 ore
342 3834 550 3909 puerorum
563 3812 684 3882 existit
703 3833 801 3908 quos
819 3811 997 3885 lumbrici
1008 3818 1104 3892 male

106 3916 249 4004 habent.
260 3907 406 4002 Siriistri
413 3952 504 4000 vero
511 3929 703 4028 pulmonis
712 3928 1108 4025 superiorlobusuibil
