2850 4668
287 473 328 520 12
449 473 495 518 DE
522 467 668 520 SEDIBUS
692 469 737 518 ΕΤ
762 467 886 518 οΑΙΙ515
912 469 1121 520 MORBORUM

240 619 242 624 ·
281 585 446 658 vesicula
464 607 584 682 pauca
605 607 691 653 cum
711 582 808 672 bile,
830 605 901 655 nec
925 609 1082 683 prorsus
1111 583 1288 656 naturali.

281 705 373 776 Lien
388 726 564 800 magnus,
581 697 765 788 albicans,
783 701 912 772 laxior.
1215 711 1219 718 '

337 847 390 892 10.
412 819 584 890 Pleuram
605 843 688 915 quae·
710 816 943 891 adhaerentes
966 819 1168 917 pulmones
1187 815 1292 890 neit·-

283 939 372 1010 lime
394 951 630 1035 sequeretur,
650 937 681 1010 si
704 936 825 1007 laxam
851 934 963 1010 fuisse
983 959 1180 1035 agnoscas,
1204 961 1292 1035 pos·
1339 961 1346 1009 Δ

285 1057 333 1128 sis
351 1055 462 1144 inde,
479 1069 522 1126 ut
538 1055 858 1153 opinor,‘assequi
870 1079 949 1150 cur
971 1055 1124 1154 pondus
1148 1048 1294 1126 inflam-

285 1174 377 1246 mati
393 1171 472 1244 lobi
488 1193 568 1244 non
582 1173 746 1244 sentiret.
765 1173 995 1246 Verum-etsi
1016 1173 1140 1263 hanel
1159 1173 1294 1246 aliasve

285 1305 465 1386 praeterea
481 1313 607 1362 causas
618 1285 782 1387 proferri
793 1289 984 1362 interdum
994 1311 1203 1388 posse,nec
1217 1291 1297 1362 sine

285 1409 365 1479 veri
384 1407 647 1497 similitudine,
669 1432 862 1497 censeam,
885 1407 1298 1507 curperipneumonici

287 1525 442 1622 quidam
458 1540 612 1598 auctum
628 1525 723 1598 adeo
740 1525 934 1624 pulmonis
950 1525 1102 1623 pondus
1111 1549 1190 1597 non
1211 1549 1299 1623 per»

254 1689 257 1696 -
289 1643 430 1741 cipiant
441 1671 451 1732 ;
463 1669 524 1714 me
540 1658 667 1716 tamen
683 1640 802 1714 fateor
818 1645 1003 1715 incorum
1020 1643 1216 1716 nonnullis
1229 1642 1299 1714 hu·

286 1761 348 1856 jus
364 1762 420 1833 rei
441 1785 611 1850 causam,
640 1786 722 1858 quae
741 1761 836 1832 mihi
850 1760 1010 1859 quidem
1027 1763 1118 1834 satis
1133 1761 1301 1859 placeat,

288 1903 368 1950 non
381 1878 533 1968 videre,
552 1879 750 1977 multoque
771 1878 883 1950 etiam
906 1879 1052 1968 minus,
1079 1903 1149 1950 cur
1169 1893 1303 1950 caetera

291 1995 407 2093 hujus
430 1997 557 2070 morbi
577 1999 682 2096 signa
708 1999 971 2095 ipsaquoque
1000 1998 1138 2095 partim
1160 1995 1304 2085 desint,

292 2116 430 2214 partim
448 2116 552 2187 levia
573 2115 668 2186 adeo
699 2130 736 2187 et
757 2113 919 2186 obscura
948 2116 1040 2204 sint,
1067 2130 1110 2186 ut
1130 2115 1192 2188 vix
1215 2139 1303 2186 cum

294 2231 520 2306 inevitabilis
540 2256 643 2304 mors
672 2232 748 2326 jam
774 2233 964 2321 imminet,
984 2257 1005 2304 a
1031 2231 1204 2322 medicis,
1225 2233 1303 2304 imo

293 2375 343 2421 ne
364 2365 445 2420 tum
463 2350 616 2447 quidem
642 2374 942 2447 nonnunquam,
964 2350 1029 2422 sed
1048 2352 1195 2422 tantum
1218 2366 1305 2449 post

296 2466 560 2539 dissentionem
580 2481 837 2564 cognoscatur.
849 2467 1032 2566 Intelligis
1052 2493 1113 2538 me
1132 2467 1179 2540 de
1195 2491 1237 2540 re
1251 2469 1305 2539 lo-

296 2586 363 2683 qui
381 2586 533 2656 maximi
548 2587 751 2674 momenti,
773 2601 810 2657 et
822 2587 929 2683 cujus
948 2601 1064 2677 notae,
1082 2602 1195 2684 atque
1212 2585 1306 2656 indi·

299 2703 354 2772 cia
376 2701 658 2800 diligentissime
678 2703 752 2775 sint
771 2704 972 2800 quaerenda
988 2729 1031 2776 ac
1050 2705 1306 2804 pervestigan-

298 2820 365 2909 da,
384 2833 428 2891 ut
447 2820 633 2918 siquando
653 2820 813 2910 incidat,
836 2822 947 2894 liceat
963 2846 1143 2908 noscere,
1162 2835 1199 2894 et
1218 2822 1306 2894 satis

296 2953 468 3036 tempore
479 2963 689 3020 occurrere.
704 2943 826 3037 Atque
838 2940 983 3012 utinam
995 2938 1182 3026 Valsalva,
1196 2963 1307 3036 aquo

297 3057 458 3156 primam
469 3055 583 3153 hujus
597 3059 652 3128 rei
666 3057 900 3129 mentionem
911 3056 1055 3146 audivi,
1073 3058 1113 3127 in
1127 3057 1201 3128 suis
1217 3081 1308 3156 quo-

298 3201 373 3272 que
386 3174 534 3246 schedis
548 3177 1102 3275 commemorasset,signisque
1113 3175 1308 3248 nonnullis

299 3292 537 3390 designasset.
560 3297 703 3366 Verum
723 3296 799 3366 sive
822 3293 902 3379 haec
929 3293 979 3366 ob
1007 3318 1163 3367 casuum
1182 3295 1310 3365 rarita-

300 3423 379 3480 tem
402 3410 718 3510 animadvertere,
746 3411 821 3507 nisi
846 3412 952 3510 aegris
976 3413 1054 3508 jam
1082 3411 1308 3510 desperatis,

300 3551 380 3598 non
398 3531 538 3626 potuit,
556 3531 632 3604 sive
651 3503 927 3601 animadvertit⁸
940 3529 1115 3627 quidem,
1137 3529 1202 3602 sed
1221 3554 1311 3628 pos-

300 3647 430 3718 tremis
453 3649 580 3737 annis,
609 3673 696 3719 cum
715 3647 891 3720 videlicet
914 3647 1073 3728 assiduis
1096 3647 1312 3747 prohibitus

301 3766 704 3863 occupationibus,vix
718 3760 880 3863 amplius
890 3765 1100 3864 quidquam
1112 3763 1311 3862 ejusmodi,

300 3881 440 3954 chartis
459 3883 676 3972 mandaret;
692 3882 790 3954 nihil
809 3898 909 3956 certe
928 3885 968 3956 in
989 3885 1070 3982 ejus
1090 3885 1238 3982 scriptis
1253 3909 1311 3956 re·

299 4000 424 4094 perire
439 4001 546 4096 potui
564 4001 669 4099 quod
690 3999 768 4074 huc
790 3983 976 4078 attineret.
998 4003 1119 4100 Igitur
1138 4000 1244 4099 quod
1262 4000 1311 4073 ab
