2800 4674
296 464 364 538 no
455 485 501 532 os
526 483 672 532 surinus
697 484 741 530 nr
765 482 888 532 clusts
913 482 1122 532 nonnosum

292 597 554 697 explicandos,
573 621 728 695 perraro
741 597 865 668 soleat
882 598 1191 668 commemoratio
1208 596 1290 670 fieri

291 717 512 813 meningum
532 714 713 812 spinalem
737 712 940 786 medullam
961 697 1291 802 convenientium,

291 859 374 931 quae
391 831 486 904 nihil
510 831 663 902 demum
683 833 755 902 nisi
776 829 845 901 illae
863 833 1076 927 superiores
1095 833 1291 928 meninges

292 965 380 1024 sunt
397 951 438 1018 in
452 947 707 1019 vertebrarum
725 971 858 1018 cavum
873 938 1075 1045 product'ae.
1090 953 1135 1019 In
1150 948 1221 1020 hac
1234 949 1292 1046 ip-

293 1093 333 1143 sa
361 1066 525 1139 sectione
556 1065 724 1163 exempla
747 1067 857 1136 etiam
886 1062 1094 1137 afferuntur
1116 1065 1293 1139 dolorum

290 1183 456 1255 thoracis
463 1182 511 1254 ab
520 1196 779 1280 aneurysmate
787 1183 1292 1280 provenientiquuorum,

293 1301 363 1373 etsi
377 1301 416 1370 in
426 1300 496 1371 alia
507 1301 663 1397 epistola
672 1300 718 1371 de
728 1299 1053 1397 aneurysmatihus
1062 1300 1171 1397 plura
1182 1302 1293 1398 scrip·

294 1419 423 1505 serim,
436 1418 582 1515 aliaque
598 1419 640 1488 in
656 1417 725 1488 alia
744 1417 813 1489 sim
823 1417 1034 1505 additurus,
1051 1431 1292 1514 unumatque

209 1605 211 1608 .
294 1534 454 1606 alterum
481 1535 695 1636 exemplum
721 1557 888 1606 seorsum
909 1533 971 1604 hic
988 1531 1196 1632 proferam,
1216 1533 1292 1629 pri-

211 1674 215 1681 *
293 1675 399 1723 mum
416 1652 570 1750 quidem
585 1666 785 1750 propterea
800 1653 888 1748 quia
901 1652 962 1721 vix
978 1651 1080 1722 aliud
1091 1651 1293 1746 ejusaneu-

293 1770 657 1867 rysmatisindicium
676 1771 813 1842 rescire
833 1770 1044 1867 potuimus,
1059 1793 1173 1866 quam
1191 1767 1294 1839 dolo·

292 1911 374 1959 rem
397 1890 496 1960 intra
522 1888 735 1976 thoracem;
757 1886 916 1959 alterum
939 1900 1083 1974 autem,
1100 1887 1188 1983 quia
1214 1911 1292 1956 non

294 2006 416 2078 solum
444 2005 491 2076 ab
514 2021 794 2101 aneurysmate,
818 2004 883 2076 sed
912 2004 1022 2074 etiam
1052 2003 1099 2075 ab
1115 2005 1293 2099 jecinoris

292 2122 462 2220 pondere
481 2123 513 2193 is
527 2121 692 2192 thoracis
710 2121 821 2192 dolor
837 2119 987 2228 videtur
1004 2120 1241 2218 repetendus

343 2246 401 2336 [47.
415 2240 551 2310 Mulier
569 2241 794 2310 consistente
813 2254 938 2328 aetate,
955 2263 1037 2336 quae
1062 2239 1150 2311 alias
1164 2240 1204 2309 in'
1224 2264 1292 2310 no-

293 2357 462 2429 socomio
485 2357 662 2426 Patavtno
684 2354 805 2427 fuerat
828 2355 877 2427 oh
894 2356 1065 2428 dolorem
1086 2359 1126 2428 in
1146 2359 1292 2430 sinistra

293 2475 426 2546 intima
446 2473 610 2546 thoracis
627 2489 752 2571 parte,
780 2475 819 2544 in
841 2472 940 2546 idem
968 2473 1079 2545 rediit
1101 2489 1188 2546 ante
1215 2500 1292 2546 me-

293 2591 398 2663 dium
412 2591 625 2687 januarium
639 2594 729 2663 anni
749 2618 852 2690 1717,
870 2592 916 2664 de
935 2591 1068 2664 eodem
1083 2591 1148 2662 illo
1161 2591 1291 2676 dolore

293 2732 477 2806 querens,
496 2733 599 2780 nunc
614 2733 850 2808 magnacum
866 2708 969 2781 febre
981 2709 1197 2805 conjuncto.
1212 2709 1292 2781 Pul-

293 2851 356 2899 sus
373 2841 478 2898 erant
491 2824 649 2915 vibrati3
671 2827 903 2928 morbusque
924 2827 1079 2898 omnino
1095 2826 1291 2908 videbatur

294 2945 431 3042 graviS,
448 2942 515 3016 sed
533 2929 612 3015 non
630 2945 742 3034 adeo,
761 2959 802 3015 ut
821 2968 923 3016 mors
937 2945 1013 3040 jam
1027 2945 1197 3042 proxima
1208 2968 1289 3016 esse

292 3062 520 3134 crederetur.
543 3062 626 3132 Fuit
642 3076 790 3148 tamen3
811 3085 898 3132 nam
922 3061 1102 3158 postridie
1121 3087 1236 3160 quam
1252 3064 1288 3132 in

291 3180 555 3251 nosocomium
574 3193 742 3266 venerat,
764 3177 901 3251 mulier
917 3180 1122 3277 improviso
1138 3195 1290 3260 ¹mortua

290 3311 356 3367 est.

336 3411 508 3486 Thorace
526 3426 675 3510 apert0‚
690 3412 805 3508 hujus
818 3415 925 3512 quasi
941 3411 1108 3511 hydrops
1123 3440 1143 3486 a
1166 3416 1288 3512 primo

290 3531 475 3627 apparuit.
499 3529 571 3600 Sed
589 3553 674 3600 cum
692 3527 789 3602 infra
803 3554 938 3628 aquam
961 3555 1096 3629 magna
1124 3531 1290 3602 concreti

290 3646 483 3744 sanguinis
502 3647 610 3745 copia
628 3663 869 3735 occurreret,
890 3648 1123 3722 intellectum
1145 3663 1200 3720 est
1220 3647 1288 3720 hu-

287 3767 346 3862 jus
364 3788 490 3836 serum
508 3762 689 3860 hydropis
706 3765 867 3862 speeiem
883 3780 1174 3862 representasse.
1186 3769 1298 3856 Quae:

287 3881 460 3956 rentibus
485 3881 588 3956 unde
614 3883 764 3980 sanguis
797 3880 1013 3980 prodiisset,
1034 3907 1230 3984 'magnum
1252 3907 1289 3954 se

288 3999 427 4073 obtulit
435 4014 549 4070 aortae
557 4022 791 4096 aneurysm,
799 3998 912 4098 idque
923 4001 1286 4099 perruptquuam
