2808 4664
164 462 234 511 mr.
265 462 305 510 ιι.
335 465 381 512 nr
408 460 545 514 rtonnrs
570 459 764 527 ritonacrs,
789 463 901 514 nrrsr.
929 467 1028 514 xxm.
1058 441 1125 516 261

114 591 220 662 rant,
235 575 336 648 oredi
354 559 569 674 possit'ipse
592 579 729 675 pariter
749 594 834 675 post
852 595 1012 650 mortem
1030 595 1127 651 trac-

113 706 227 764 tatus.
245 693 441 793 Intelligis,
465 719 533 766 cur
552 695 590 765 in
607 695 797 792 plerisque
818 697 984 794 antiquis
1003 721 1130 766 exem-

116 809 192 908 plis
209 809 401 900 dubitem,
432 836 659 909 verearque,
689 839 737 884 ne
763 813 936 884 homines
962 828 1067 884 tanto
1090 837 1133 884 ea

116 925 264 1000 facilius
285 929 537 1020 crediderint,
556 934 644 1028 quia
666 956 752 1002 curn
776 937 962 1002 Homerus
981 946 1021 1001 ut
1039 955 1134 1029 pru-

115 1043 285 1117 dentiam
306 1043 550 1145 significaret,
571 1048 892 1146 quemadmodum
915 1063 1022 1146 putat
1040 1054 1132 1122 Eus-
1225 1138 1228 1143 ι

116 1161 264 1234 tathius
282 1163 355 1262 (1),
383 1164 537 1236 densum
556 1164 646 1264 pilis
665 1191 730 1238 cor
746 1166 870 1239 dicere
890 1167 990 1238 visus
1009 1167 1073 1256 sit,
1096 1180 1134 1238 et

113 1295 297 1380 praeterea
314 1284 473 1366 Nonnus
487 1282 541 1379 (2)
559 1299 601 1354 ut
619 1283 846 1356 Sabinorum
860 1283 1053 1356 audaciam
1067 1308 1132 1354 ex·

114 1399 318 1496 primeret,
341 1400 386 1471 iis
402 1423 469 1470 cor
486 1399 608 1472 densis
626 1407 802 1474 uestitum
814 1403 910 1501 pilis
928 1401 1131 1489 tribuerit;

115 1516 293 1586 eximiam
313 1518 515 1614 quamdam
536 1520 612 1590 sive
633 1520 896 1616 prudentiam,
923 1521 998 1590 sive
1028 1517 1132 1588 calli-

116 1631 294 1720 ditatem,
311 1636 387 1706 sive
404 1637 598 1707 audaciam
615 1616 926 1721 existimaverint,
942 1637 1021 1706 sine
1035 1635 1129 1732 pilo·
1190 1647 1192 1652 '

118 1775 164 1824 so
199 1752 314 1824 corde
348 1752 455 1825 facile
482 1777 561 1824 esse
592 1778 671 1823 non
703 1755 890 1849 potuisse,
926 1752 1132 1848 praesertim

121 1869 301 1967 quando,
318 1869 418 1940 utad
437 1870 564 1940 minus
579 1885 723 1940 vetusta
745 1868 914 1966 exempla
926 1885 1132 1956 transeam,

120 1987 309 2084 ejusmodi
328 2011 395 2058 cor
418 1989 457 2056 in
475 1986 596 2058 tribus
613 1986 842 2074 latronibus,
858 1985 998 2060 scelere
1016 1999 1053 2056 et
1067 1982 1134 2056 aua

124 2103 231 2176 dacia
239 2103 446 2193 nobilibus,
456 2105 649 2175 inventum
663 2130 742 2177 esse
759 2107 932 2203 legerunt
944 2102 1042 2202 ‘apud
1056 2105 1137 2173 Mu·

123 2238 248 2293 retum
268 2223 343 2321 (3),
369 2223 613 2295 Benivenium
636 2224 710 2322 (4),
736 2239 773 2296 et
798 2228 972 2296 Amatum
992 2223 1134 2313 Lusita·

121 2362 217 2410 num
235 2341 300 2438 (5).
319 2344 392 2432 Qui
420 2321 531 2414 iri-eo
550 2367 664 2440 quem
691 2358 911 2414 consectum
933 2364 1009 2413 ase
1027 2339 1136 2428 dicit,

123 2460 338 2555 cujusmodi
366 2458 506 2534 fuerint
539 2461 607 2560 pili
638 2487 716 2532 non
741 2461 912 2534 indicat:
941 2476 983 2531 ut
1009 2451 1135 2556 neque

123 2559 297 2652 Sculteus
316 2579 603 2678 Noribergensis
627 2581 696 2678 (6),
727 2584 793 2679 qui
820 2582 861 2650 in
886 2578 1135 2652 audacissimo

122 2699 266 2794 pariter
278 2700 434 2794 juvene,
451 2701 491 2768 in
509 2697 657 2770 theatro
669 2698 746 2770 hoc
771 2715 904 2772 nostro
919 2696 1133 2768 anatomico

123 2839 227 2886 anno
246 2816 337 2889 1650
347 2816 508 2888 dissecto
518 2869 527 2905 ,
539 2841 605 2886 cor
614 2816 865 2914 undequaque
873 2814 1039 2914 pilosum
1050 2810 1137 2882 fuis-

126 2956 165 3006 se
189 2935 320 3006 scribit
337 2962 344 3004 :
364 2953 434 3006 nec
452 2933 616 3031 denique
632 2938 831 3006 Lanzonus
845 2933 911 3028 (7),
924 2931 989 3028 qui
1005 2931 1045 2998 in
1060 2929 1136 3025 ple-

124 3049 233 3142 beio,
252 3051 300 3123 ab
313 3075 351 3126 se
367 3051 508 3140 inciso,
528 3075 595 3122 cor
611 3051 777 3148 undique
779 3047 872 3150 pilis
890 3049 1066 3138 rrffertum
1081 3046 1135 3114 in-

149 3859 157 3888 i
