2824 4668
279 477 346 549 332
441 499 489 544 nn
515 494 660 544 sumnus
685 495 729 540 nr
754 461 878 542 nnusls
904 493 1114 542 nonnonmr

278 586 472 684 monicum
494 611 644 706 signum
666 630 754 678 raro
776 607 816 677 in
839 605 984 680 morbis
1003 607 1138 680 haberi
1155 633 1292 706 posse,

280 754 360 802 non
391 725 632 826 ignorabam,
656 721 897 822 mirabarque
925 748 1005 796 non
1030 723 1195 800 defuisse
1214 753 1291 800 me·

282 847 403 918 moria
413 859 554 930 nostra,
565 842 633 942 qui
645 839 830 937 ejusmodi
845 843 884 912 in
891 841 1034 940 polypo
1047 844 1202 943 signum
1212 869 1293 917 esse

283 964 456 1050 doceret,
478 959 689 1032 carotidum
712 971 750 1032 et
768 956 1043 1032 subclaviarum
1063 963 1291 1034 arteriarum

281 1079 536 1182 pulsationem
559 1075 901 1164 vehementiorem,
918 1091 961 1148 ut
982 1101 1098 1174 quam
1115 1079 1201 1150 sine
1224 1103 1294 1176 po-

282 1198 373 1296 lypo
395 1218 652 1294 saepenumero
674 1191 911 1266 observatam
931 1193 1120 1284 sciebam,¹
1134 1195 1247 1293 quod
1260 1209 1295 1268 et

284 1315 416 1412 aliquae
432 1311 478 1384 ad
492 1326 528 1384 te
546 1311 692 1410 scriptae
711 1308 942 1384 confirmant
957 1310 1122 1386 historiar
1140 1313 1222 1411 (1);
1235 1339 1296 1387 ue·

286 1433 431 1504 minem
455 1443 580 1500 tamen
606 1425 723 1500 ferme
748 1428 920 1526 legebam
946 1453 1078 1502 eorum
1100 1453 1122 1500 a
1155 1430 1298 1528 quibus

287 1547 421 1648 polypi
430 1544 568 1616 indicia
583 1559 671 1618 sunt
691 1559 1006 1634 commemorata,
1022 1547 1090 1642 qui
1103 1547 1210 1624 inter
1224 1547 1299 1620 baec

288 1664 601 1738 intermittentem
611 1675 675 1733 aut
684 1661 813 1734 saltem
825 1662 1048 1760 inaequalem
1057 1663 1216 1760 pulsum
1225 1690 1300 1736 non

288 1795 467 1884 poneret,
485 1805 598 1878 quem
615 1803 709 1882 saepe
722 1781 836 1850 etiam
854 1780 895 1850 in
911 1778 1138 1851 adumbrata
1155 1781 1301 1855 anobis

290 1895 810 1999 polypihistoria(2)relatum
820 1895 1118 1972 animadvertere
1128 1899 1302 1995 potuisti,

294 2033 332 2092 et
339 2016 544 2088 indicatum
557 2015 628 2088 scis
643 2014 691 2085 ab
708 2015 940 2086 nonnemine
952 2028 1135 2112 tanquam
1148 2017 1301 2114 signum

294 2135 426 2234 polypi
443 2131 845 2232 pathognomonicum.
866 2132 987 2221 Quem
1008 2155 1079 2230 ego
1102 2130 1302 2204 hominem

296 2251 356 2324 vel
370 2250 418 2322 ab
434 2249 645 2324 senioribus
657 2273 730 2322 suae
742 2263 852 2322 sectae
862 2247 1084 2320 doctoribus
1097 2247 1304 2332 refirtatum

297 2392 378 2439 non
404 2365 588 2456 mirabar,
613 2390 699 2458 oum
720 2367 814 2438 mihi
837 2389 967 2440 earum
992 2364 1305 2440 observationum

298 2482 473 2554 veniebat
485 2485 525 2555 in
538 2498 719 2574 mentem,
730 2486 770 2554 in
781 2482 921 2582 quibus
934 2498 997 2556 aut
1013 2484 1093 2564 sine
1109 2483 1189 2556 hoc
1202 2489 1312 2586 siguo·

257 2665 269 2694 χ
301 2602 520 2672 inveneram
534 2601 794 2700 polypos2aut
811 2625 899 2673 cum
917 2599 993 2673 hoo
1011 2601 1118 2699 signo
1146 2627 1230 2674 non
1256 2607 1309 2674 in-
1407 2669 1408 2682 ,

301 2742 477 2792 veneram
502 2745 510 2787 ε
535 2709 749 2815 cujusmodi
771 2743 821 2790 eae
837 2733 926 2790 sunt
946 2717 1051 2815 quod
1070 2719 1117 2790 ad
1143 2722 1310 2818 primum

303 2836 435 2908 attinet
445 2861 573 2936 genus,
582 2861 674 2933 quas
686 2837 726 2906 in
734 2834 892 2934 epistola
902 2833 1020 2908 babes
1027 2839 1142 2910 VIIn.
1161 2839 1314 2926 11et13,

305 2967 342 3026 et
354 2954 393 3024 in
408 2951 478 3025 hac
495 2955 574 3052 ipsa
585 2956 705 3026 XXIV
722 2974 758 3022 n.
777 2953 823 3042 63
838 2951 944 3050 quod
959 2974 1050 3024 vero
1067 2952 1114 3024 ad
1128 2954 1312 3042 alterurn,

304 3095 399 3169 quas
410 3071 450 3142 in
464 3070 629 3170 epistolis
640 3049 912 3142 aliis'habebis:
929 3065 1071 3167 quibus
1087 3085 1180 3144 tunc
1199 3073 1313 3145 addes

306 3187 440 3285 quaein
456 3187 613 3286 epistola
634 3201 722 3258 sunt
736 3189 822 3256 XXI
843 3212 883 3256 n.,
898 3185 945 3274 34
964 3200 1001 3258 et
1020 3187 1059 3258 in
1078 3191 1203 3258 XXIII
1221 3217 1259 3260 n.
1280 3191 1311 3262 6.

311 3303 383 3374 Sed
399 3317 435 3386 et
450 3304 645 3400 epistolam
655 3303 826 3401 relegens
839 3307 910 3393 IX,
924 3327 1011 3374 cum
1025 3305 1072 3374 in
1082 3303 1183 3376 illam
1204 3307 1315 3380 histo

309 3418 402 3490 riam
420 3417 482 3517 (3)
498 3421 656 3510 incides,
674 3446 748 3518 qua
776 3434 924 3492 constat
948 3421 1128 3518 pulsuum
1150 3423 1313 3522 inaequa-

307 3535 449 3636 litatem
463 3561 593 3635 parco,
608 3537 672 3610 sed
689 3538 912 3610 continuato
926 3591 937 3626 ,
949 3538 1027 3635 opii
1041 3562 1113 3611 usu
1129 3535 1242 3613 sitisse
1255 3566 1315 3614 so-

230 3863 231 3866 ’
348 3849 392 3927 (1)
413 3851 506 3926 Epist.
523 3869 575 3922 17,
589 3869 620 3906 n.
634 3851 686 3924 23,
705 3862 733 3909 et
747 3851 840 3928 Epist.
854 3853 908 3926 αὖ,
924 3871 956 3930 ῃ.
968 3849 1000 3908 6.

349 3947 393 4025 (a)
413 3951 451 4007 N:
467 3968 503 4006 na
514 3960 544 4008 et
557 3957 604 4021 ²4·

244 4067 253 4078 ν
350 4046 393 4124 (a)
414 4050 453 4107 u.
469 4064 499 4120 ⁷·
