2820 4668
143 507 211 554 cm
240 503 281 553 11.
309 469 356 552 br
382 497 519 552 uoaars
544 501 738 566 Thoracis,
756 499 868 548 amsa.
889 499 1001 547 xxvii.
1033 475 1102 577 537

96 644 310 721 agnoscere.
338 618 450 711 Quod
469 621 570 691 enim
591 643 703 690 osseae
719 615 899 705 lamella,
923 641 993 687 nec
1015 641 1102 688 raro

92 736 520 833 etiamlongiusacorde
531 737 871 842 autincipiant‚aut
882 733 1104 824 crebriores,

92 857 330 954 majoresque
341 852 449 943 fiant,
470 870 507 926 et
521 852 626 952 quod
636 853 853 932 illastuuica
860 853 1003 924 arteriae
1018 854 1105 923 inti-

91 998 154 1044 ma
176 975 254 1072 ipsa
281 997 359 1044 non
374 971 525 1061 haheat,
540 971 605 1044 sed
617 971 777 1070 operiat,
792 972 996 1068 prasertim
1013 993 1104 1042 vero

92 1091 198 1190 quod
210 1115 303 1190 saepe
314 1117 399 1163 cum
413 1091 457 1163 iis
466 1091 624 1163 lamellis
636 1092 820 1163 erosioiris
834 1105 948 1187 atque
960 1091 1103 1162 exulce-

91 1211 254 1284 rationis
266 1235 345 1280 non
357 1208 519 1282 obscura
531 1207 1105 1308 conjunganturindicimatque

94 1327 462 1424 alia'ejusdemmodi
486 1330 526 1398 in
544 1343 601 1399 tot
619 1328 758 1398 nostris
778 1323 1109 1398 observationibus

90 1447 232 1545 legisti,
257 1461 301 1518 ut
321 1446 479 1544 longum
504 1461 541 1516 et
555 1468 833 1544 supervacuum
852 1460 949 1517 esset
961 1443 1023 1513 hic
1036 1443 1106 1516 tihi

90 1564 257 1662 singulas
275 1563 485 1661 designare.
501 1565 611 1632 Juvat
628 1563 756 1658 potius
774 1587 856 1658 quae
868 1561 961 1632 dum
974 1583 1106 1634 earum

91 1681 299 1753 nonnullas
325 1680 585 1769 haberemuS,
618 1679 837 1777 diligentius
866 1676 1104 1774 inspiciendo

92 1814 184 1871 tunc
198 1797 473 1887 adnotavimus,
483 1821 587 1868 nunc
602 1812 728 1867 autem
742 1796 818 1867 huc
827 1797 984 1868 attinere
998 1794 1108 1892 potis·

93 1913 1103 2014 simumcredimushictecumingenuecommunicare.

145 2063 201 2106 αα.
229 2039 353 2132 Atque
383 2048 426 2105 ut
444 2032 491 2104 ab
514 2049 564 2104 eo‘
584 2057 672 2104 sene
692 2031 940 2131 incipiamus,
965 2028 1106 2127 dequo

95 2153 289 2250 speciatim
313 2151 387 2222 hoc
414 2149 483 2222 tihi
510 2151 726 2250 promisisse
743 2148 758 2247 (
775 2148 819 2245 1)
840 2148 1105 2235 memihimuS,

94 2283 152 2341 tot
170 2269 271 2358 illaS,
289 2270 400 2341 etiam
421 2267 623 2366 ampliores
637 2321 647 2356 ,
663 2268 820 2339 laminas
832 2267 966 2338 tunica·
975 2266 1108 2337 intima

95 2412 176 2457 non
202 2386 317 2458 modo
344 2387 564 2488 operiebat,
580 2387 646 2458 sed
664 2387 869 2458 arctissime
888 2384 936 2456 ad
954 2409 1107 2458 omnem

98 2510 231 2577 earum
245 2529 394 2594 cavam,
414 2507 488 2578 sive
505 2505 727 2578 interiorem
745 2501 877 2576 faciem
893 2501 1107 2576 adhaerebat

94 2624 242 2721 integra
271 2623 427 2722 quidem
457 2638 493 2695 et
518 2623 654 2714 illaesa,
680 2625 754 2696 nisi
783 2621 888 2722 quod
915 2621 1105 2696 adunam

95 2739 279 2812 duntaxat
304 2765 433 2813 earum
458 2741 615 2813 hiabat:
647 2767 724 2839 quo
750 2743 790 2812 in
817 2741 924 2812 hiatu
951 2742 1107 2813 materia

83 2873 203 2948 erat,
231 2883 297 2932 seu
330 2860 447 2932 mavis
479 2857 622 2930 humor
651 2859 921 2930 crassiusculus
947 2883 993 2929 ex
1019 2857 1107 2930 albo

94 2973 222 3047 ssavus.
243 2979 273 3048 A
295 2974 387 3048 facie
405 2987 531 3046 autem
548 2977 671 3061 illius,
694 2990 731 3045 et
755 2975 1029 3073 plerarumque
1055 2974 1107 3045 la·

95 3093 285 3164 minarum
312 3117 478 3164 convexa
505 3091 601 3163 nihil
630 3092 774 3190 negotii
799 3105 880 3162 erat
906 3090 1108 3164 annulares

99 3235 242 3282 carneae
264 3212 400 3282 tunica
428 3208 544 3282 fibras
569 3209 790 3308 sejungere,
810 3233 949 3306 easque
966 3208 1105 3282 illaesas.

97 3333 215 3399 Erant
238 3343 366 3400 tamen
386 3329 555 3427 quaedam
575 3326 884 3425 laminae,quibus
907 3327 955 3399 ab
975 3327 1107 3400 eadem

100 3469 267 3518 convexa
297 3441 388 3516 facie
423 3449 578 3518 materia
616 3443 962 3541 ejusdemmodiac
991 3443 1107 3517 modo

99 3561 387 3662 descripsimus,
400 3589 445 3636 ex
459 3564 545 3637 albo
557 3562 651 3634 flava
665 3562 880 3635 adhaerebat
894 3591 901 3632 :
916 3561 970 3634 ihi
982 3578 1108 3654 autem

97 3682 180 3769 vix,
207 3706 250 3754 ac
278 3707 327 3753 ne
355 3682 417 3752 vix
439 3681 594 3780 quidem
616 3681 701 3752 ullae
722 3695 945 3779 supereraut
963 3703 1106 3753 carneae

136 4054 182 4134 (ι)
199 4053 294 4132 Epist.
314 4061 368 4128 aa,
386 4075 417 4113 n.
435 4056 482 4114 16.
