2824 4668
131 440 200 488 rm.
228 437 268 485 ιι.
296 437 343 483 on
369 431 863 502 uonmsrnomcrs,ar1sr.
889 441 987 490 xxrv.
1016 422 1082 497 301

19 635 20 640 ,
83 553 279 640 timerem,
295 548 588 641 medicamento,
602 573 678 647 quo
688 549 1090 652 abstergerenturven-

84 669 263 758 trieulus‚
280 681 319 740 et
337 665 532 756 intestina;
554 667 632 737 imo
652 691 697 739 eo
716 665 894 743 fidentius
916 672 1084 749 dedisse:

18 789 19 796 ’
81 787 291 885 eodemque
317 784 377 857 die
401 798 438 856 et
458 783 624 857 abstersa
646 783 744 874 baec,
765 801 802 858 et
819 789 954 885 pulsus
967 795 1087 892 priori

80 931 221 978 norme
237 905 429 976 restitutos
449 899 573 975 fuisse.
594 907 639 974 Et
658 917 700 974 tu
717 905 776 977 vel
799 905 839 975 in
856 911 1085 1008 Sepulchra·

17 1109 18 1112 Ἴ
78 1039 116 1097 to
142 1022 200 1122 (r)
217 1023 376 1121 legeris,
395 1019 533 1092 vidisse
561 1019 773 1092 Ballonium
797 1048 876 1095 non
894 1027 932 1098 id
947 1029 1085 1121 modo,

17 1123 18 1150 ³
78 1140 141 1214 sed
159 1156 196 1213 et
210 1142 281 1213 alia
294 1138 405 1213 simul
419 1136 607 1237 languidi,
627 1153 665 1211 et
677 1142 784 1238 parvi
794 1143 925 1238 pulsus
936 1147 1025 1218 vitia
1036 1147 1084 1220 ad

77 1258 255 1332 eumdem
277 1257 435 1330 modum
454 1256 611 1328 sublata.
639 1262 716 1330 Pro
738 1259 918 1357 gradibus
938 1289 1084 1362 purga-

76 1383 207 1466 tionis,
227 1376 372 1475 inquit,
388 1373 525 1473 pulsus
548 1379 822 1450 restituebatur.
847 1381 948 1470 Quin
971 1384 1084 1454 etiam

74 1495 188 1594 longe
203 1493 384 1566 diuturna
395 1493 602 1591 aliquando
620 1496 849 1569 intermissio
859 1513 934 1588 est,
950 1515 991 1571 ut
1006 1527 1083 1600 qua

73 1637 203 1713 seper
217 1617 436 1686 sexennium
455 1609 644 1687 laborasse
674 1613 804 1684 scribit
821 1617 982 1690 Lancius
1006 1619 1082 1716 (2);

73 1731 281 1834 eademque
312 1746 458 1816 tamen,
477 1729 528 1818 si,
546 1741 589 1800 ut
605 1728 645 1799 in
661 1729 765 1826 ipso,
784 1754 833 1800 ex
861 1732 1083 1829 hyporien-

72 1847 242 1922 driorum
270 1871 449 1920 consensu
480 1858 554 1934 est;
578 1843 638 1917 his
667 1847 898 1944 percuretis,
923 1851 1081 1922 omnino

14 2063 15 2066 Ἴ
72 1967 174 2057 toll-i,
193 1983 230 2041 et
237 1967 409 2066 perfecte
436 1976 571 2061 potest.
599 1963 713 2054 Quod
732 1978 859 2036 autem
885 1964 932 2037 de
957 1969 1082 2040 nervis

71 2083 170 2173 dixi,
184 2086 251 2183 qui
267 2085 307 2154 in
324 2080 627 2181 hypoehondriis
644 2081 861 2172 irritentur,
879 2082 981 2185 idem
991 2109 1081 2183 pro·

69 2199 171 2274 fecto
179 2200 230 2271 de
239 2197 372 2271 iisdem
390 2197 451 2268 vel
464 2195 574 2288 alibi,
594 2198 711 2269 aliave
726 2197 773 2284 de
792 2221 902 2271 causa
915 2200 963 2272 ad
980 2226 1082 2274 eum·

69 2319 161 2390 dem
178 2317 336 2390 modum
350 2316 541 2414 dispositis
560 2315 777 2414 negandum
799 2342 879 2388 non
905 2333 969 2392 est.
996 2323 1080 2394 Fuit

68 2435 109 2507 id
129 2434 225 2506 mihi
245 2436 404 2506 maxime
426 2432 580 2506 evidens
599 2435 639 2504 in
662 2434 828 2532 quodam
847 2437 1078 2510 consultissi-

67 2578 134 2625 mo
167 2554 224 2625 rai
250 2551 403 2626 medioae
428 2549 530 2652 apud
559 2554 817 2626 Bononienses
843 2553 1076 2652 professore,

68 2674 137 2769 qui
145 2695 234 2744 cum
242 2665 340 2744 forte
350 2668 690 2758 animadvertisset,
712 2670 783 2743 sibi
792 2673 945 2770 pulsum
959 2675 1076 2746 inter-

68 2789 235 2878 mittere,
260 2790 341 2886 ipse
368 2789 495 2859 autem
520 2784 609 2858 inde
635 2787 768 2860 anxius
794 2800 907 2886 atque
938 2791 1077 2861 sollici-

68 2920 151 2987 tus,
171 2905 280 3003 quasi
295 2903 335 2975 id
360 2901 512 2976 fortuita
531 2927 703 2976 excausa
723 2929 803 2977 esse
825 2929 905 2976 non
927 2920 1075 3003 posset,

67 3022 296 3112 identidem,
313 3037 357 3095 ut
374 3021 434 3112 fit,
452 3021 590 3121 digitos
607 3023 654 3096 ad
667 3047 824 3121 carpum
839 3024 1076 3113 admoveret,

68 3139 300 3215 crebriorem
311 3141 709 3238 sempersuomaximo
720 3164 806 3210 cum
819 3163 983 3212 moerore
992 3139 1075 3212 fieri

67 3258 403 3347 intermissionem,
421 3255 625 3331 sentiebat:
642 3255 743 3328 idem
761 3279 851 3327 vero
871 3272 1075 3356 postquam

67 3399 221 3466 meum,
239 3377 410 3472 quamvis
417 3375 604 3474 juvenile,
617 3356 703 3446 ¹non
718 3390 936 3472 aspernatus
953 3380 1074 3451 consi·
1106 3431 1112 3442 ,

67 3491 184 3582 lium,
205 3492 327 3566 multo
342 3495 462 3566 rarius
477 3495 549 3569 sibi
565 3492 697 3593 pulsus
708 3507 854 3566 tentare
869 3497 997 3598 coepit,
1011 3521 1074 3568 eo·

67 3611 281 3710 queminus
297 3633 409 3684 suum
429 3609 476 3684 de
493 3610 553 3684 his
569 3636 750 3714 angorem
776 3613 892 3684 animi
916 3637 1072 3714 augere3

107 3893 152 3975 (1)
173 3893 252 3955 sect.
267 3897 324 3954 hac
337 3915 371 3971 9,
389 3893 423 3952 in
438 3890 531 3954 schol.
545 3894 585 3952 ed
597 3895 662 3953 obs.
678 3895 706 3955 8.

109 3993 153 4074 (a)
173 3997 218 4054 De
230 3996 320 4054 subit.
333 4005 426 4056 mort.
441 3997 461 4054 1.
477 4015 510 4069 1,
523 4013 550 4054 e.
566 3999 648 4070 19,§
666 3997 693 4054 3.
