2808 4664
274 457 343 552 278
440 475 486 523 DE
512 475 657 524 sentens
682 475 725 522 ΕΤ
751 473 874 522 causts
898 475 1110 526 Moesorum

271 591 485 664 valetudine
497 645 507 668 .
521 591 688 687 itemque
699 589 729 660 si
739 587 856 686 prolis
867 591 986 660 unicae
999 593 1178 680 maciem,
1196 616 1285 691 par·

271 711 500 805 vitalemque
512 721 734 802 spectemus,
745 699 1285 802 paulominusvidebituresse

271 822 1282 924 mirandum,quodnullausquamarteriaeullins,ip-
1396 805 1397 864 l

270 946 423 1038 siusque
439 939 564 1010 cordis
584 939 745 1037 pulsatio
761 963 810 1009 ne
827 954 911 1036 post
931 939 1282 1014 vehementissimas

271 1059 426 1158 quidem
449 1057 753 1146 exercitationes,
775 1072 841 1128 aut
863 1057 903 1126 in
932 1054 1113 1146 febrium,
1137 1057 1283 1156 quibus

270 1199 365 1273 sape
378 1171 540 1244 obnoxia
549 1188 621 1260 est,
635 1174 797 1244 maximo
807 1174 930 1244 calore
939 1189 1115 1272 percepta
1128 1177 1185 1248 sit.

327 1317 379 1362 10.
398 1293 569 1361 Proxima
583 1305 637 1361 est
649 1289 834 1388 aspbyxiae
847 1315 993 1362 summa
1007 1292 1188 1389 pulsuum
1203 1294 1280 1365 exi·

271 1411 356 1480 litas
369 1433 454 1480 cum
467 1407 655 1479 debilitate
667 1389 1055 1503 conjuncta‚anatura
1067 1410 1279 1498 interdum,

270 1527 405 1624 saepius
421 1551 441 1595 a
461 1525 606 1596 morbo.
631 1531 660 1596 A
680 1541 813 1596 natura
828 1549 907 1597 esse
921 1527 1051 1598 censui
1067 1527 1107 1598 in
1120 1527 1280 1612 muliere

274 1647 472 1716 exercitata
503 1659 539 1713 et
567 1641 748 1730 robusta,
775 1665 886 1740 quam
913 1644 1048 1741 angina
1072 1644 1280 1717 vehemens

273 1761 454 1859 urgebat:
480 1763 608 1858 itaque
633 1760 679 1831 ab
699 1762 744 1832 iis
769 1759 942 1858 pulsibus
958 1762 1114 1833 minime
1135 1762 1294 1836 absterm

271 1879 366 1950 ritus
385 1902 465 1951 sum
485 1877 704 1950 adolescens
721 1903 800 1975 quo
825 1879 949 1950 minus
967 1893 1112 1950 tantum
1129 1883 1278 1980 sangui·

272 1999 332 2068 nis
349 1997 501 2066 'detrahi
520 1994 714 2092 juberem,
739 2011 924 2093 quantum
955 1995 1112 2070 morbus
1138 1997 1278 2096 flagita·

273 2113 348 2185 bat.
367 2119 426 2184 Me
449 2138 538 2184 vero
556 2137 633 2183 non
650 2137 732 2184 esse
746 2113 962 2212 deceptum,
984 2129 1127 2186 servata
1143 2116 1279 2188 mulier

275 2230 553 2326 comprobavit,
574 2231 613 2298 io
636 2255 709 2326 qua
740 2246 884 2328 postea,
910 2255 997 2302 cum
1018 2221 1161 2329 optime
1180 2233 1278 2305 vale·

271 2345 347 2431 r'et,
366 2347 516 2416 eosdem
540 2346 622 2418 illos
641 2347 768 2444 pulsus
784 2347 1037 2446 deprehendi,
1058 2363 1094 2420 et
1115 2349 1164 2446 ab
1185 2366 1278 2423 arte·

270 2464 412 2534 riarum
437 2489 519 2560 quae
535 2466 705 2561 proxime
726 2467 802 2536 cuti
825 2465 1003 2550 subsunt,
1021 2467 1185 2544 naturali
1203 2472 1277 2540 exi-

271 2579 374 2650 litate
389 2579 538 2650 ‹leduxi.
556 2589 584 2652 A,
604 2583 739 2654 morbo
751 2599 874 2654 autem
889 2607 974 2654 cum
993 2581 1033 2654 hi
1049 2581 1224 2674 fuerunt,
1240 2587 1276 2658 in

271 2697 352 2768 aliis
369 2698 468 2768 aliud
488 2699 638 2788 accidit,
656 2716 696 2770 nt
706 2701 931 2789 invenirem,
944 2701 1047 2772 velut
1060 2727 1110 2773 eae
1125 2727 1211 2798 quae
1224 2727 1275 2774 se-

271 2832 458 2912 quuntur,
471 2833 632 2914 exparte
646 2817 912 2890 monstrabunt
921 2818 1105 2890 historiae:
1128 2844 1175 2892 ex
1191 2845 1275 2917 par-

199 2931 201 2946 '
225 3007 227 3012 ,
269 2949 326 3018 te,
346 2937 520 3032 inquam;
542 2960 627 3004 nam
641 2961 745 3032 quae,
763 2936 927 3034 exempli
941 2961 1070 3024 causa,
1089 2960 1275 3008 summam

231 3065 233 3078 '
269 3057 451 3127 exhibent
462 3056 644 3127 fibrarum
660 3057 784 3142 cordis
797 3057 1003 3146 laxitatem3
1019 3081 1069 3128 eae
1079 3057 1127 3128 ad
1142 3059 1276 3130 tealias

271 3189 336 3243 aut
354 3175 471 3244 missae
488 3189 574 3244 sunt
588 3173 664 3270 (ι),
683 3190 747 3245 aut
758 3176 980 3270 mittentur(
1006 3173 1031 3268 ).

324 3315 377 3358 11.
408 3292 496 3360 Viro
513 3317 633 3362 annos
649 3307 738 3362 nato
756 3291 803 3363 ad
823 3290 1081 3389 quadraginta,
1101 3290 1173 3362 sub
1194 3307 1274 3362 cute

272 3431 355 3503 qnae
376 3408 470 3480 latus
492 3410 651 3480 alterum
670 3410 841 3507 occipitis
863 3412 985 3498 vestit,
1004 3425 1131 3480 tumor
1154 3409 1273 3480 incre·

269 3541 390 3612 verat,
411 3551 524 3624 quem
551 3527 708 3624 talpam,
728 3543 764 3598 et
787 3528 1013 3598 testudinem
1036 3541 1184 3626 vocant,
1207 3527 1271 3596 llic

271 3669 357 3714 eum
375 3647 414 3714 in
435 3644 651 3716 abscessum
676 3643 952 3744 degenerasset,
973 3643 1171 3716 hominem
1192 3657 1270 3714 tau·

309 3925 352 4004 (1)
374 3927 468 4002 Epist.
485 3947 533 3998 11,
549 3947 579 3982 n.
598 3929 647 3997 13,
665 3941 693 3984 et
704 3930 795 4005 Epist.
817 3947 909 3999 πω.
927 3935 972 4004 49.

310 4023 354 4102 (a)
375 4029 469 4102 Epist.
485 4029 536 4098 30,
552 4048 582 4082 n.
602 4026 647 4083 15.
