2820 4668
147 469 215 518 nm.
242 469 283 518 11.
311 469 357 518 os
383 467 518 515 nonnis
543 466 737 529 nuonims,
762 468 873 516 nuiss.
893 470 1005 516 xxvn.
1030 445 1100 520 505

96 581 665 681 Quin·renesquoque‚mt1lta‚
684 581 832 678 siquod
850 583 950 654 aliud
966 587 1103 676 viscus,

96 703 339 802 pinguedinis
357 695 466 799 copia
490 699 618 785 obsiti,
637 700 675 768 in
698 697 768 782 hae
794 697 932 773 femina
950 705 1101 781 exulu-

95 821 282 894 rationem
296 845 374 891 non
385 817 612 916 effugerunt.
895 893 898 898 Δ

120 995 122 1002 ,
146 945 179 1028 4.
197 944 311 1011 Ossea
328 952 454 1010 autem
467 935 530 1006 illa
550 933 701 1022 tubera,
724 961 805 1031 quae
826 938 865 1008 in
882 940 999 1009 cranii
1011 940 1105 1013 inte·

93 1058 197 1128 riore.
208 1055 300 1126 facie
314 1053 508 1140 extabant,
525 1077 603 1122 non
622 1052 669 1124 ad
686 1069 875 1126 exostoses
891 1079 952 1127 eas
967 1053 1101 1146 telem,

94 1197 191 1270 quas
213 1188 298 1272 post
321 1171 481 1256 insultus
501 1169 742 1268 epilepticos,
765 1170 906 1244 ibidem
929 1172 976 1243 ab
1005 1198 1044 1245 se
1066 1189 1104 1246 et

92 1292 211 1363 Ravio
226 1283 320 1363 visis
335 1303 608 1362 commemorat
618 1287 876 1362 Boerhaavius
889 1288 963 1387 (ι),
977 1289 1041 1362 sed
1055 1290 1103 1363 ad

92 1432 211 1480 novas
224 1408 337 1494 ossis,
349 1421 391 1478 ut
406 1395 459 1478 sic
476 1405 617 1494 dicam,
634 1407 908 1504 vegetationes‚'
922 1409 1051 1503 quales
1062 1409 1101 1480 in

91 1525 276 1598 vertebris
288 1523 452 1594 hominis
464 1535 621 1592 centum'
632 1523 784 1592 circiter
796 1548 916 1594 annos
930 1527 1009 1596 nati
1020 1526 1103 1598 des·
1205 1570 1207 1578 ι

94 1645 226 1742 cripsit
244 1641 468 1737 Poupartius
482 1636 537 1734 (α)
550 1637 753 1733 singulari,
771 1663 845 1734 qua
864 1655 1000 1710 nostrae
1012 1667 1105 1738 quo.

94 1773 298 1857 quoerant
324 1755 497 1848 albedine
521 1769 558 1829 et
581 1755 714 1826 nitore.
743 1754 855 1845 Quod
872 1758 902 1827 si
915 1771 1104 1854 utraeque,

94 1877 192 1950 sieut
209 1877 264 1948 illi
275 1900 347 1948 suae
361 1889 397 1946 et
408 1887 544 1944 nostrae
558 1871 669 1944 nobis
676 1871 922 1960 videbantur,
939 1875 1046 1971 quasi
1055 1873 1103 1946 ab

94 1991 278 2069 effusione
296 1991 459 2089 quadam
477 1989 580 2062 factae
599 2005 705 2062 erant
722 1992 818 2062 ossei
835 1992 959 2080 succi3
979 1991 1105 2064 minus

93 2110 221 2184 faciles
244 2108 440 2182 habebunt
471 2109 677 2206 explicatus
701 2107 909 2180 secundum
932 2124 1103 2182 recentes

95 2229 380 2301 observationes
390 2227 691 2324 sententiamque
703 2227 1102 2325 experientissimiviri,

95 2346 300 2443 praesertim
331 2369 419 2421 cum
444 2345 489 2416 iu
519 2359 647 2415 nostra
673 2368 750 2414 anu
777 2367 899 2417 crassa
928 2345 1103 2434 meninx,
1203 2377 1205 2382 ¹

95 2487 180 2560 quae
194 2463 332 2533 interni
348 2463 524 2560 periostei
541 2463 668 2533 locum
685 2477 809 2549 tenet,
826 2461 922 2534 nihil
943 2463 1104 2536 laesionis

93 2581 134 2650 in
146 2605 184 2652 se
199 2579 415 2655 ostenderet
425 2603 501 2676 qua
515 2579 576 2650 illa
587 2577 721 2652 tubera
734 2577 963 2670 obducebat,
976 2605 1101 2678 neque

44 2711 47 2716 ’
94 2696 142 2768 ad
161 2721 203 2770 ea
222 2698 384 2785 arctius,
402 2698 496 2768 sieut
514 2695 564 2767 ¹nd
581 2711 699 2769 certas
714 2696 896 2794 quasdam
916 2697 1004 2770 alias
1022 2721 1101 2768 cra-

92 2817 148 2888 nii
166 2813 531 2915 partesadhaereret,
551 2839 622 2886 nec
633 2815 770 2885 mulier
784 2811 831 2885 de
841 2807 921 2885 ullo
932 2838 1101 2910 unquam

93 2933 226 3006 dolore
243 2947 308 3004 aut
326 2929 462 3002 morbo
484 2933 614 3029 capitis
640 2944 771 3028 questa
798 2947 906 3002 esset.
932 2933 1024 3019 Quae
1041 2955 1102 3002 res

94 3050 291 3149 quomodo
316 3051 433 3146 possit
457 3047 616 3144 intelligi
640 3044 787 3142 etquid
808 3069 853 3118 ex
877 3069 919 3117 ea
943 3045 1099 3135 deduci,

95 3191 185 3242 cum
197 3167 284 3239 satis
293 3169 332 3236 in
347 3165 577 3238 Adversariis
588 3167 638 3236 VI
652 3161 710 3260 (3)
722 3163 769 3234 sit
787 3161 1014 3254 indicatum,
1035 3163 1098 3236 hic

94 3287 229 3360 iterare
246 3281 342 3352 nihil
357 3285 501 3373 attinet.

144 3407 276 3498 Itaque
293 3399 339 3470 ad
356 3401 580 3498 promissam
590 3413 760 3471 revertor
777 3399 912 3470 seriem
928 3397 1099 3473 observa·

94 3522 343 3616 tionumquae
361 3517 455 3588 mihi
481 3518 634 3616 quidem
653 3533 740 3588 sunt
760 3517 917 3614 cognite
934 3515 1094 3616 disrupti

133 3821 178 3898 (ι)
197 3824 327 3880 Praelect.
339 3823 378 3878 ud
389 3820 511 3891 lustin-S
525 3792 593 3877 850.
713 3883 718 3894 Ι

132 3919 176 3998 (2)
197 3921 271 3978 Hist.
289 3923 326 3978 de
338 3921 451 3978 l’llmd.
463 3925 538 3998 Roy.
552 3919 604 3977 des
618 3920 681 3991 So,
696 3937 743 3976 an.
761 3918 854 3995 1699,
872 3918 936 3975 obs.
950 3928 1029 3974 anat.
1048 3938 1073 3974 1.

132 4020 175 4097 (3)
197 4021 398 4103 Animadgssl.
