2850 4668
174 504 243 551 tm.
270 505 311 562 ιι.
340 500 904 567 nunoamsruouacts,u1³1sr.
930 509 1004 555 xxi.
1059 488 1104 564 13

99 616 182 714 ipso
200 615 345 704 andivi,
365 629 402 687 et
419 640 488 713 ego
506 599 607 704 '‘vidi,
633 617 942 708 communicabo,
962 647 982 692 a
1000 620 1108 693 brevi

99 733 588 833 incipienshistoria,cujus
602 749 841 832 campartem
855 739 994 834 quaead
1009 766 1109 812 mor.
1171 733 1173 747 '

97 851 193 923 bum
215 865 372 950 spectat,
392 851 562 924 Valsalva
586 853 766 940 narravit;
798 879 880 950 quae
911 871 1036 928 autem
1063 859 1112 932 ad

100 969 388 1058 dissectionem,
417 967 519 1042 illam
544 993 634 1040 vero
658 971 738 1068 ipse
758 971 854 1061 vidi,
875 987 918 1044 ut
935 975 1005 1072 qui¹
1023 1002 1110 1048 cum

101 1087 274 1160 Valsalva
295 1085 455 1158 cadaver
474 1087 585 1158 secui.
1139 1177 1140 1182 Ἰ
1163 1081 1166 1088 ’

149 1229 208 1275 rr.
237 1205 460 1278 Franciscus·
473 1203 656 1276 Corellius
677 1207 942 1298 Bononiensis,
955 1211 1034 1306 jam
1054 1237 1111 1286 se-

98 1347 191 1411 nex,
210 1322 411 1396 catarrhali
425 1319 641 1412 affectione,
665 1337 708 1396 ut
733 1323 907 1400 homines
931 1329 970 1400 id
997 1335 1112 1406 aetatis

99 1441 246 1530 solent,
264 1431 515 1530 detinebatur,
528 1440 594 1512 sed
611 1442 683 1514 levi
701 1442 796 1514 adeo
815 1445 1049 1545 inspeciem,
1071 1465 1112 1524 ut

98 1557 496 1658 ne-dignamquidem
515 1558 686 1634 crederet
707 1560 756 1631 ob
787 1587 902 1658 quam
921 1566 1113 1643 medicum

98 1675 371 1749 accersendum
390 1689 549 1748 curaret.
569 1680 701 1774 Itaque
720 1702 808 1752 casu
823 1678 963 1757 factum
980 1699 1054 1774 est,
1070 1700 1113 1756 ut

100 1820 190 1873 curn
209 1793 411 1892 prostridie
430 1793 548 1865 domo
563 1796 663 1866 exire
680 1798 878 1892 cogitaret,
898 1799 1115 1874 domesticis

50 1894 54 1898 ⁵
100 1929 231 1986 autem
243 1912 401 2010 idaequo
412 1911 595 1982 maturius
607 1911 810 2002 videretur,
823 1915 869 1985 ab
878 1915 1116 1990 his'Valsalva

101 2045 260 2129 rogatus
279 2031 345 2118 sit,
363 2043 407 2100 ut
426 2027 623 2098 hominem
640 2028 710 2100 sibi
727 2044 877 2121 notum,
898 2048 935 2104 et
959 2031 1116 2108 familia-

101 2147 187 2220 rem
203 2146 327 2228 obiter
339 2147 489 2235 viseret,
513 2144 560 2216 ab
584 2169 705 2244 eoque
723 2149 880 2220 consilio
898 2148 1113 2226 abduceret.

101 2266 221 2338 Venit
240 2264 355 2363 igitur
377 2263 559 2362 postridie
578 2287 708 2354 mane,
733 2281 770 2338 et
795 2292 837 2340 ea
854 2269 1117 2344 animadvertit

103 2382 261 2472 indicia,
275 2407 362 2481 quae
379 2380 450 2454 sibi
465 2382 504 2486 in
523 2367 750 2478 quibusdam
762 2385 843 2456 aliis
856 2387 1042 2482 ejusmodi
1058 2415 1115 2462 ca-

105 2501 210 2574 sibus
228 2499 406 2582 adnotata
423 2499 586 2570 vicinam
607 2515 789 2591 mortem,
812 2519 946 2602 praeter
965 2505 1115 2578 adstan-

104 2601 434 2717 tium‘opinionem
445 2671 454 2706 ,
465 2616 775 2716 significaverant..
790 2623 1046 2712 Quamobrem
1060 2649 1115 2698 se-

105 2738 248 2808 vocatis
267 2736 502 2825 domesticis,
520 2735 617 2806 nihil
634 2737 706 2807 tale
721 2739 1010 2835 suspicantibus,
1021 2743 1115 2840 quid

106 2853 301 2925 immineat
317 2855 499 2924 continuo
516 2853 766 2942 demonstrat,
784 2870 820 2926 et
836 2860 1005 2952 quamvis
1020 2851 1128 2960 aeger

108 2971 256 3042 nullum
272 2973 321 3048 in,
330 2969 486 3043 thorace
503 2973 579 3042 sive
596 2987 832 3069 gravantem,
855 2975 931 3046 sive
943 3000 1116 3073 pungen-

109 3103 183 3170 tem
201 3088 374 3162 dolorem
395 3089 593 3186 percipiat,
619 3089 697 3160 imo
719 3089 790 3162 sibi
812 3091 892 3188 ipse
913 3093 999 3164 satis
1016 3091 1115 3166 bene

110 3204 250 3279 habere
263 3195 454 3298 rideatum
465 3222 590 3281 tamen
601 3207 792 3304 pulmonis
804 3206 1118 3302 inflammatione,

111 3346 230 3421 eaque
249 3325 326 3420 jam
346 3324 558 3423 desperata,
574 3325 697 3396 teneri
722 3322 934 3398 confirmat·
958 3329 1119 3414 Praedic,

111 3423 726 3541 tiuncmcomprobaviteventus3
746 3469 835 3548 nam
852 3445 951 3515 intra
971 3446 1119 3518 duodoae

114 3558 184 3640 cim
203 3558 321 3640 boras
342 3575 406 3632 aut
423 3549 595 3646 euentus
617 3583 720 3632 mors
737 3563 886 3659 ingruit.
910 3563 1035 3634 Morbi
1053 3590 1119 3636 au·

114 3679 469 3776 temeoguitionem
502 3679 617 3774 sectio
647 3679 836 3751 cadaveris
868 3679 1119 3754 confirmavit.
1195 3724 1197 3729 ·

114 3789 280 3867 Thorace
291 3797 393 3866 enim
406 3809 536 3892 aperto
548 3849 558 3883 ,
572 3795 705 3867 lobum
721 3797 954 3894 superiorem
966 3797 1119 3894 pulmo-

116 3909 172 3981 nis
200 3911 345 3984 dexteri
363 3911 571 4000 tumidum,
600 3911 759 4000 durum,
781 3913 963 4012 sanguine
983 3912 1120 3985 infarc·

118 4037 195 4099 tum
209 4026 542 4128 deprehendimus.
1048 4043 1050 4049 ’
