2808 4664
144 426 211 473 mr.
239 423 279 472 11.
307 413 353 472 un
379 421 515 471 monars
540 421 993 486 rnonncrs‚ur1sr.xx111.
1026 407 1091 504 ¹93

95 542 134 614 iu
155 538 259 627 ctbo,
275 561 400 634 neque
411 537 450 606 in
467 549 562 633 potu
571 559 727 634 peccare
743 537 865 625 solita3
879 539 943 611 sed
962 555 1097 614 natura

97 658 271 746 delicata,
294 679 416 752 eoque
434 651 673 741 iracundior,
695 676 764 724 nec
785 677 872 726 sane
889 658 950 726 irae
977 663 1096 756 causis

97 791 133 847 et
156 775 336 846 moestitiae
354 795 503 858 carens,
521 795 544 848 a
561 770 677 866 longo
693 771 770 864 jam
790 785 961 868 tempore
981 799 1096 874 appe-

98 894 168 964 titu
182 891 355 962 ciborum
367 887 751 983 dejecto,·menstruis
768 903 893 960 tamen
905 895 1097 988 purgatio-

97 1008 211 1080 nibus
229 1032 309 1078 non
326 1003 590 1091 deficiebatur,
612 1027 698 1075 cum
716 1029 779 1076 sex
798 1022 882 1077 ante
908 1009 1100 1084 mensibus

98 1124 144 1198 de
163 1123 288 1195 cordis
307 1121 550 1220 palpitatione
566 1122 674 1219 queri
691 1123 821 1220 coepit,
841 1147 915 1219 qua
930 1124 975 1194 ad
998 1151 1100 1200 mor-

97 1257 175 1316 tem
190 1265 311 1338 usque
328 1238 474 1312 assidue
490 1238 664 1334 quidem,
688 1239 753 1312 sed
765 1240 954 1315 interdum
971 1223 1100 1341 magis,-

98 1359 189 1432 alias
199 1359 325 1430 minus
342 1370 470 1428 vexata
489 1369 553 1426 est.
573 1359 654 1426 Huc
672 1357 751 1426 aliae
763 1358 993 1432 accedebant
1005 1387 1100 1458 que·

78 1477 184 1549 relae
213 1476 398 1568 de'sensu
423 1474 605 1544 erosionis
633 1473 731 1544 intra
755 1473 969 1564 thoracem,
993 1479 1101 1550 etad
1155 1569 1157 1576 Α

98 1592 215 1689 hujus
243 1595 409 1691 spinam,
446 1589 483 1660 e't
507 1590 835 1687 palpitationis-ad
861 1594 974 1688 spinae
1004 1594 1104 1668 latus

98 1709 313 1808 productae,
338 1725 418 1780 tum
452 1705 499 1777 de
523 1703 737 1802 perdifficili
766 1707 1030 1780 alimentorum
1062 1714 1102 1781 in

99 1826 354 1900 ventriculum
374 1823 551 1906 transitu,
576 1835 774 1917 postquam
794 1847 861 1919 per
887 1825 1012 1920 gulam
1025 1827 1103 1920 jam

98 1969 222 2044 prope
245 1945 368 2037 ipsum
394 1936 694 2024 descendissent3
716 1937 867 2010 tandem
892 1940 939 2011 de
968 1967 1103 2014 nervo-

98 2087 212 2144 rum,
230 2074 273 2130 ut
290 2055 454 2142 dicebat,
482 2054 613 2144 ddore
631 2055 670 2124 in
694 2053 857 2127 brachiis
873 2061 1078 2154 praesertim
1091 2087 1102 2140 ¹:

101 2203 183 2276 quo
204 2175 251 2246 ad
269 2190 399 2244 eaetera
413 2171 474 2242 illa
486 2171 681 2267 adjurem,
695 2197 780 2242 cum
797 2197 835 2246 se
849 2173 994 2246 oedema
1007 2203 1105 2274 quo-

102 2316 180 2390 que
197 2291 334 2362 addere
354 2289 547 2386 coepisset,
576 2287 763 2384 praecipue
782 2289 821 2358 in
846 2289 1000 2363 dextero
1019 2308 1104 2366 artu

100 2407 281 2483 inferiore
293 2408 557 2505 conspicuum3
571 2404 616 2478 de
632 2408 742 2476 aortae
752 2426 1011 2506 aneurysmate
1025 2415 1105 2510 opi·

102 2528 170 2601 nio
187 2525 289 2624 apud
314 2523 497 2623 quosdam
526 2549 604 2594 non
628 2523 812 2620 ignobiles
831 2527 1105 2618 medicoscon÷

103 2643 252 2715 firmata
270 2657 334 2716 cst.
360 2647 499 2714 Contra
524 2641 604 2729 alii,
627 2665 712 2714 cum
738 2639 883 2714 facilem
907 2645 947 2714 in
975 2659 1105 2718 utrum

102 2761 240 2834 liberet
256 2761 351 2833 latus
368 2759 588 2832 decubitum
599 2758 957 2850 animadverterent,
976 2764 1105 2860 pulsus

105 2894 233 2952 autem
253 2903 332 2948 nou
357 2876 547 2964 vibratos,
573 2900 651 2946 non
672 2877 983 2963 intermittenteS‚
1009 2883 1105 2950 etin

104 3009 270 3092 utroque
287 2993 443 3066 brachio
454 2992 683 3081 consimiles,
700 2991 747 3062 ad
762 2992 985 3088 hystericam
998 2993 1106 3074 affec-

105 3112 250 3182 tionem
260 3112 324 3182 illa
339 3113 466 3182 omnia
485 3108 713 3197 referebant,
731 3133 776 3180 eo
794 3111 910 3206 magis
926 3110 1030 3208 quod
1048 3114 1109 3202 in-¹

106 3243 210 3300 terea
228 3253 452 3326 paroxysmo
476 3227 643 3324 quodam
666 3241 878 3324 correptam
898 3229 1053 3319 scirent,
1067 3233 1107 3307 iu

110 3371 187 3444 quo
205 3347 306 3417 illam
324 3345 502 3418 dentibus
520 3359 621 3416 arcte
635 3346 734 3416 inter
747 3368 785 3416 se
798 3347 1009 3418 constrictis
1027 3375 1110 3422 mu·

109 3461 220 3536 lieres
237 3463 477 3554 invenerant,
498 3488 580 3562 quae
598 3463 708 3534 etiam
726 3461 916 3534 interdum
937 3466 1063 3538 multis
1071 3470 1111 3538 in
1199 3539 1200 3542 ,

97 3577 204 3654 ‚locis
221 3577 395 3680 frigidam
411 3606 433 3651 a
452 3605 489 3654 se
501 3595 718 3678 perceptam
732 3579 918 3652 dicebant.
929 3585 1032 3652 Inter
1044 3583 1111 3654 bas
1165 3641 1167 3645 .

111 3701 386 3771 controversias
419 3697 554 3770 mulier
583 3697 767 3794 denique,
801 3700 1002 3769 contractis
1033 3700 1111 3791 jam

112 3814 302 3910 pulsibus,
317 3818 416 3886 inter
434 3813 669 3910 loquendum
685 3827 832 3884 mortua
844 3829 908 3883 est.
920 3817 1010 3902 Qum
1025 3836 1113 3885 cum

49 3959 50 3962 ¹
112 3930 208 4004 mihi
226 3933 353 4006 omnia
376 3930 521 4026 collega
545 3953 652 4004 meus
677 3930 1020 4028 prestantissimae,
1049 3932 1115 4029 qui

188 4049 222 4122 3.
902 4043 943 4116 13
