2808 4664
314 456 385 542 234
476 477 523 522 nr
547 471 694 522 seorsus
718 473 762 520 nr
787 470 911 519 ctosrs
935 471 1146 520 noseorum

312 594 513 666 mationem
540 588 774 675 memoravit3
801 601 842 657 ut
867 611 991 684 neque
1021 589 1059 658 in
1079 589 1162 658 viro
1180 587 1253 687 (r),
1278 593 1316 660 in

312 737 389 810 quo
423 723 556 808 praetcr
574 707 795 794 anxietates,
822 721 858 777 et
877 707 1142 804 oppressiones
1166 707 1319 797 cordis,

283 893 286 900 .
311 827 415 927 quod
434 827 547 921 hujus
565 849 650 896 cum
673 823 882 922 pericardio
903 826 1134 896 concretioni
1158 845 1317 923 respon-

311 945 437 1030 deret,
455 943 547 1013 nihil
564 940 644 1013 fuit.
665 944 740 1012 Nec
762 942 801 1010 in
832 957 962 1031 nauta,
987 941 1129 1039 dequo
1151 942 1198 1012 cl.
1223 947 1317 1014 Lau·

311 1061 474 1156 biusto),
494 1068 663 1157 quamvis
678 1059 928 1158 pericardium
950 1085 1033 1131 cum
1051 1060 1210 1160 parvulo
1234 1083 1316 1131 cor·

312 1179 360 1251 de
381 1193 418 1250 et
439 1177 719 1276 diaphragmate
741 1175 954 1250 firmissime
980 1193 1225 1265 concretum,
1246 1179 1316 1250 du-

310 1297 394 1368 ritie
411 1296 711 1392 cartilagineum,
733 1295 979 1368 crassitudine
1001 1296 1177 1393 poiiic'em
1195 1318 1317 1394 aeqttt-

310 1413 605 1510 rct,quidquam
623 1409 1033 1510 fueratpraeterasthma
1044 1414 1316 1510 gravissimum,

312 1531 417 1629 quod
436 1531 512 1602 huc
529 1527 702 1618 referres,
720 1531 790 1602 nisi
809 1547 845 1602 et
863 1533 936 1602 seri
952 1534 1083 1629 ingens
1097 1533 1208 1628 copia
1220 1585 1231 1620 ,
1243 1549 1316 1629 quo·

312 1665 444 1722 venter
473 1664 508 1719 et
540 1646 675 1718 thorax
699 1647 970 1746 opplebantur,
989 1637 1028 1720 'et
1047 1647 1214 1728 ‘nimicae
1235 1671 1316 1719 'nou

309 1791 436 1867 paucae
453 1766 680 1864 pulmonum
697 1768 793 1836 rasis
813 1766 1019 1863 majoribus
1033 1767 1316 1854 accumbentes,

310 1885 456 1982 aliaque
474 1883 567 1954 illud
586 1881 705 1954 facere
724 1884 944 1981 potuissent
963 1886 1104 1954 Pariter
1118 1885 1163 1954 ci.
1187 1885 1315 1956 Daniel

224 2101 227 2106 Ι
310 1999 631 2096 Hoffmannus(3),
643 2025 727 2070 cum
746 2016 801 2072 tot
816 2001 911 2072 mala
928 2017 1097 2072 accurate
1112 2001 1397 2310 describat!
1396 2031 1397 2040 ¹

256 2155 260 2162 ·
311 2119 450 2216 quibus
475 2116 621 2214 puella,
643 2118 749 2213 cujus
780 2135 981 2189 anatomen
1005 2117 1166 2217 profert,
1200 2116 1314 2190 fuerat

310 2234 538 2324 conflictata,
565 2260 691 2332 neque
721 2237 819 2307 inter
845 2259 887 2308 ea
909 2252 1078 2309 recenset
1104 2041 1397 2336 palpitatio-i

311 2357 419 2440 nem,
453 2369 491 2424 et
513 2353 649 2424 diserte
671 2353 841 2442 adnotat,
860 2377 1053 2452 nunquam
1081 2355 1235 2453 pulsum
1257 2353 1314 2424 dc»

312 2467 543 2567 prehensum
572 2470 637 2542 vel
661 2472 906 2568 inaequalem,
929 2473 994 2543 vet
1021 2478 1315 2544 interminantem

269 2647 276 2658 .
313 2584 434 2660 fnisse.
456 2589 699 2660 Celeberrimi
721 2606 845 2661 autem
863 2592 934 2659 viri
949 2589 1106 2662 Heisteri
1121 2589 1178 2686 (4)
1192 2590 1316 2661 obser-

311 2707 499 2777 rationem
517 2731 601 2778 cum
614 2708 803 2779 Littrianis
818 2707 1222 2805 illisdequtbnspanio
1234 2720 1315 2777 oste

313 2822 454 2896 dictum
475 2839 529 2922 est
538 2825 699 2921 ,procul
714 2824 833 2896 dubio
850 2823 1109 2923 comparabis,
1124 2825 1314 2923 quippein

310 2941 450 3036 juvene
463 2915 627 3012 habitam
643 2964 721 3013 non
733 2943 849 3014 modo
863 2964 942 3016 noo
952 2943 1242 3032 valetudinario,
1255 2938 1315 3012 sed

314 3079 400 3128 curn
424 3057 667 3156 aequalibtrs'
653 3085 691 3129 ιη
716 3084 891 3158 caupona
918 3061 1074 3156 largiter
1097 3073 1314 3158 compotan-

313 3189 349 3244 te
368 3173 489 3247 donec
505 3191 662 3274 repente
679 3201 785 3274 quasi
775 3177 921 3250 ebrius
937 3203 957 3248 e
976 3201 1129 3248 scamno
1149 3176 1313 3259 caderet,

314 3315 478 3390 moxque
508 3293 561 3364 ibi
582 3310 804 3366 moreretur.
832 3299 908 3366 Etsi
925 3317 1019 3366 vero
1040 3293 1248 3366 doctusvir
1261 3297 1310 3362 Jo.

1383 4287 1391 4635 i
