2824 4668
252 432 324 505 328
417 453 463 502 ur
489 449 638 500 sumnus
664 450 708 498 rr
734 435 1098 504 cauus-nonnum

249 569 405 649 lateret,
424 563 703 636 undereriores
715 563 859 651 morbi,
880 577 918 636 et
935 563 1061 638 obitus
1071 563 1266 640 disceren-

249 697 312 754 tur
337 703 471 764 causae,
493 682 714 778 perquirere
741 679 1011 777 negligeretur.
1032 685 1110 753 Nec
1134 683 1266 754 minus

237 797 576 884 ,daumiindidem
593 821 662 868 nec
678 819 782 878 raro,
798 797 956 894 coepisse
964 823 1045 872 rem
1058 797 1263 894 juridicam

252 913 500 999 existimabis,
518 913 606 982 cnm
629 911 730 1010 apud
751 910 898 1008 judices
919 913 1054 1012 legeris
1071 913 1262 1012 polypum

252 1057 273 1103 a
289 1031 443 1104 medicis
462 1055 568 1098 reum
593 1025 730 1102 factum
752 1028 880 1101 alienae
899 1030 1035 1128 culpae,
1053 1054 1188 1120 eorum
1211 1032 1265 1102 vi·

253 1149 388 1221 delicet
408 1147 474 1243 qui
486 1160 549 1216 aut
565 1171 673 1230 ense,
691 1160 754 1216 aut
773 1141 953 1235 fustibus,
969 1161 1034 1218 aut
1048 1147 1267 1244 pernicioso

251 1265 459 1365 pharmaco
481 1287 610 1350 sanos,
640 1261 881 1360 valentesque
908 1261 1082 1336 homines
1113 1263 1266 1336 occide·

255 1396 358 1468 rant,
383 1380 457 1451 sire
476 1405 574 1451 noxa
595 1379 653 1450 bis
674 1379 786 1452 rebus
805 1379 906 1452 illata
924 1382 1025 1452 intus
1045 1397 1267 1480 appareret,

256 1498 332 1568 sive
361 1513 558 1593 postquam
585 1495 844 1592 deprehensus
871 1513 949 1570 erat
973 1496 1157 1596 polypus,
1185 1523 1267 1570 nou

256 1628 351 1710 esset
376 1613 575 1712 diligenter
599 1615 761 1710 quaesita.
787 1615 974 1689 Nimirum
994 1639 1032 1687 se
1052 1613 1194 1687 auferri
1221 1617 1267 1688 si-

255 1731 397 1802 nebant
416 1731 555 1824 medici¹
572 1730 643 1801 hac
667 1733 812 1804 ratione
827 1784 837 1818 ,
855 1755 934 1802 non
960 1733 1127 1828 potuisse
1157 1733 1269 1830 poly-

257 1873 350 1947 pum
367 1864 443 1920 tam
462 1849 536 1919 cito
556 1863 642 1946 post
664 1863 823 1920 mortem
840 1845 1031 1936 ‚urnam
1052 1874 1178 1947 neque
1200 1849 1272 1922 has

257 1965 352 2038 duas
368 1967 463 2038 alias
472 1965 737 2054 attendebant,
756 1981 917 2038 crustam
937 1991 1020 2036 uon-
1033 1967 1159 2037 minus
1176 1967 1271 2038 cele-

257 2084 349 2153 riter
361 2080 549 2154 efformari
565 2085 604 2152 in
620 2097 786 2154 extracto
801 2084 1001 2181 sanguine,
1009 2097 1046 2154 et
1059 2085 1090 2154 si
1103 2083 1273 2183 polypus

259 2199 324 2270 diu
338 2216 423 2270 aute
441 2217 601 2270 mortem
615 2226 680 2272 cor
691 2215 930 2300 occupasset,
945 2199 1140 2272 homiuem
1162 2201 1272 2274 illum

260 2319 330 2404 sic,
347 2305 388 2387 u't
411 2314 641 2407 fistebautur,
669 2319 878 2402 valentem,
898 2333 935 2388 et
954 2318 1112 2390 omnino
1135 2343 1271 2390 sanum

260 2431 431 2503 futurum
451 2459 532 2505 non.
544 2431 667 2507 fuisse.
693 2437 794 2528 Quin
812 2460 854 2506 ea
872 2435 953 2534 ipsa
968 2459 1030 2507 res
1043 2459 1120 2531 qua
1138 2435 1274 2508 admo·

261 2549 347 2620 neri
363 2550 598 2638 debuissent,
617 2553 777 2650 polypos
792 2551 877 2626 illos
892 2577 970 2624 non
991 2577 1071 2625 esse
1091 2553 1271 2641 morbos,

262 2666 401 2738 horum
418 2668 591 2740 videlicet
603 2667 814 2766 frequentia
824 2671 981 2768 (quotus
993 2671 1094 2742 enim
1107 2673 1271 2768 quisque

264 2783 339 2855 hoc
366 2786 480 2881 igitur
501 2786 638 2858 morbo
658 2811 739 2856 nou
755 2786 960 2860 laborasset
973 2787 1010 2884 l)
1025 2785 1157 2860 eadem
1176 2787 1269 2858 illue

264 2926 303 2974 se
328 2902 465 2974 adduci
491 2903 750 3000 patiebantur,
781 2920 824 2976 ut
850 2905 1056 2992 docerent,
1084 2903 1274 3002 polypum

262 3019 376 3117 longe
389 3017 687 3117 frequentiorem
704 3044 781 3093 esse
804 3021 998 3110 morbum,
1014 3046 1129 3121 qnam
1147 3020 1272 3106 homi-

262 3160 330 3206 nes
362 3138 628 3232 opinarentur3
659 3137 814 3234 quando
840 3141 918 3236 jam
953 3138 1044 3210 olim
1083 3141 1274 3210 Guarinu-

261 3253 349 3322 nius
361 3251 415 3347 (1)
430 3253 475 3323 de
492 3255 651 3352 polyp0,
666 3281 779 3352 quem
797 3257 938 3353 pituitae
951 3257 1123 3344 nomine,
1142 3270 1185 3326 ut
1211 3279 1271 3326 su·

262 3391 329 3464 pra
349 3369 421 3463 (a)
448 3371 655 3442 indicatum
681 3387 761 3461 est,
785 3373 980 3470 designare
1000 3387 1274 3462 consueverat,

262 3482 341 3553 haec
354 3485 400 3556 in
419 3485 683 3560 observatione
704 3489 890 3586 quadam,
909 3490 1010 3562 unde
1035 3515 1167 3564 verum
1194 3489 1269 3562 dis-

260 3603 426 3674 cendum
457 3601 596 3692 fuerat,
617 3607 796 3704 scripsit:
822 3611 895 3684 Cor
923 3613 1003 3678 sine
1025 3613 1172 3706 pituita
1201 3605 1269 3678 illa

221 3856 222 3861 η
294 3885 339 4060 gl)
360 3887 516 3964 Sepulchr.
534 3895 554 3949 l.
569 3900 603 3965 4,
617 3913 641 3950 s.
658 3913 689 3966 1,
704 3895 769 3953 obs.
784 3895 819 3954 13
832 3895 864 3951 iu
876 3894 969 3952 addit.

310 3985 340 4062 2)
360 3991 398 4046 N.
413 3996 460 4056 24.
