2808 4664
143 473 211 518 mr.
239 471 280 518 11.
307 469 353 519 nn
371 469 513 520 -uonms
538 448 734 535 rironacts,
759 467 870 520 nrtsr.
890 471 993 520 xx111.
1023 474 1087 522 201

98 599 131 658 et
148 600 442 656 memoratarum
471 587 711 671 arteriarum,
736 586 766 656 si
793 585 983 658 conferres
1007 612 1093 658 cum

97 702 242 800 reliquo
260 727 438 802 corpore,
456 717 603 775 auctam
621 701 916 800 magnitudinem
935 709 1094 801 cognos-

99 844 213 908 ceres3
234 845 313 892 non
337 821 541 920 plurimum
556 835 681 892 tamen
711 835 867 892 auctam.
898 825 991 892 Cum
1018 822 1095 893 haec

97 937 208 1034 igitur
220 939 272 1008 ita
288 962 326 1009 se
338 938 541 1026 haberent,
556 963 626 1010 nec
642 939 804 1036 plurima
815 993 825 1026 ,
836 951 881 1031 ut
891 938 967 1007 dixi
982 940 1020 1008 in
1034 964 1096 1036 pe-

96 1055 257 1126 ricardio
282 1070 344 1126 aut
368 1055 537 1144 thorace,
564 1053 692 1127 fuisset
716 1079 833 1153 aqua,
851 1070 887 1127 et
899 1055 1097 1154 pulmones

98 1174 174 1243 sani
198 1174 528 1269 conspicerentur,
556 1176 652 1271 coepi
671 1173 882 1271 diligentius
904 1188 982 1243 tum
1012 1197 1096 1264 cor,

99 1304 176 1360 tum
195 1288 279 1361 illas
295 1291 467 1379 arterias,
481 1307 561 1363 tum
575 1292 645 1362 alia
661 1315 763 1378 vasa,
784 1306 819 1362 et
834 1307 935 1362 extra
950 1307 985 1362 et
1001 1293 1098 1363 intra

97 1405 297 1504 pulmones
310 1409 504 1507 inspicere.
530 1409 601 1480 Sed
623 1412 662 1480 in
680 1409 793 1481 corde
807 1410 900 1480 nihil
921 1426 1098 1507 praeterea

97 1523 275 1597 adnotare
287 1529 413 1624 potui,
423 1529 494 1600 nisi
505 1529 545 1598 in
558 1528 702 1600 valvula
715 1529 847 1624 majori
860 1529 994 1599 mitrali
1005 1583 1014 1616 ,
1026 1551 1099 1625 qua

96 1638 186 1712 facie
199 1642 353 1715 alteram
367 1645 574 1743 spectabat,
587 1643 777 1716 mediocre
790 1647 1014 1716 semilunare
1029 1647 1100 1715 ori·
1136 1643 1137 1646 ’

96 1757 242 1848 ficium,
261 1785 330 1858 per
349 1762 454 1858 quod
476 1760 669 1859 specillum
696 1761 795 1832 inter
813 1762 966 1831 valvulae
984 1785 1101 1829 mem·
1189 1839 1191 1841 ¹

96 1875 233 1948 branas
251 1879 298 1948 ad
322 1879 459 1948 lineam
485 1880 634 1948 circiter
660 1877 868 1949 secundum
894 1877 1101 1973 longitudi-

96 2018 184 2064 nem
198 1993 443 2082 ascendebat;
454 1994 739 2066 crassitudinem
753 2019 861 2078 ver0,
880 2009 916 2065 et
926 1995 1101 2065 duritiem

96 2112 135 2180 in
153 2110 281 2181 limbis
298 2111 532 2208 potissimum
547 2115 676 2200 unius,
689 2129 799 2209 atque
812 2113 963 2184 alterius
976 2137 1020 2182 ex
1034 2111 1104 2182 val·

95 2227 192 2298 vulis
218 2230 360 2300 arteriae
380 2255 530 2330 magnae.
551 2237 626 2335 Hac
645 2245 768 2302 autem
798 2229 931 2302 arteria
949 2253 969 2300 a
989 2228 1103 2301 corde

98 2342 145 2413 ad
176 2342 421 2444 diaphragma
444 2373 563 2446 usque
588 2349 797 2420 secundum
827 2347 1103 2445 longitudinem

97 2475 245 2557 aperta,
272 2478 353 2535 toto
379 2489 424 2536 eo
447 2480 568 2537 tractu
596 2468 758 2566 primum
788 2467 903 2538 lineas
922 2463 1102 2562 quasdam

99 2576 350 2652 subobscuras
369 2583 408 2683 in
428 2581 703 2683 longitudinem
720 2584 850 2656 ductas
872 2583 1012 2680 ubique
1038 2607 1104 2680 ap-

99 2719 228 2792 parere
246 2697 337 2786 vidi,
362 2723 382 2769 a
408 2700 521 2772 corde
541 2705 744 2799 praesertim
768 2702 815 2772 ad
844 2715 1103 2787 curvaturam,

101 2813 197 2884 circa
212 2839 327 2911 quam
340 2841 418 2888 uno
433 2819 472 2888 in
487 2817 572 2890 loco
584 2819 752 2916 quaedam
767 2820 877 2891 etiam
892 2816 1015 2888 albida
1030 2839 1104 2887 ma·

102 2930 182 3000 cula
205 2933 445 3023 cernebatur;
466 2935 602 3008 deinde
629 2941 797 3008 tunicam
826 2937 997 3006 intimam
1025 2931 1105 3002 ani-

101 3048 283 3121 madverti
291 3044 560 3151 undecumque
573 3055 687 3127 velles
700 3033 892 3151 unguibus
907 3063 1105 3147 arreptam,

103 3179 162 3235 aut
175 3167 396 3264 impulsam,
414 3169 460 3240 ad
478 3169 594 3244 frusta
609 3196 686 3243 non
704 3192 818 3269 parva
832 3169 938 3240 nullo
952 3169 1104 3265 negotio

104 3279 246 3355 detrahi
265 3310 386 3384 posse.
408 3293 501 3358 Tum
521 3290 757 3388 pulmonaris
784 3288 924 3359 arteriae
945 3303 1105 3374 trunc0,
1127 3321 1129 3326 ·

104 3402 289 3500 ramisque
302 3406 382 3502 ejus
395 3407 539 3504 aliquot
552 3408 786 3496 dissectis,in
802 3406 940 3477 horum
958 3404 1106 3503 quibus

106 3512 196 3590 dam.
213 3521 341 3591 inveni
361 3526 581 3622 sanguinem
606 3526 713 3622 quasi
733 3527 772 3593 in
792 3523 945 3594 tubulos
966 3520 1105 3592 alicubi

107 3632 388 3709 conformatum.
409 3640 629 3714 Adhaerebat
654 3644 687 3714 ei
707 3641 878 3739 sanguini
902 3663 1020 3737 pauca
1039 3661 1106 3734 po·

107 3746 229 3846 lyposa
247 3755 479 3828 substantia:
505 3773 659 3857 eratque
681 3760 762 3857 ipse
783 3759 909 3828 colore
938 3752 1105 3850 quodam

110 3862 290 3957 obsolet03
302 3896 389 3942 cum
405 3872 618 3944 substantiae
636 3876 735 3946 illius
752 3873 847 3944 nihil
863 3873 902 3939 in
920 3867 1050 3953 corde,
1062 3881 1105 3938 ut

111 3978 193 4074 dixi,
215 3988 310 4060 nihil
329 3988 418 4060 alibi
440 4006 676 4092 c.erneretur;
692 3991 845 4087 sanguis
868 3999 991 4056 autem
1010 4000 1105 4057 esset
