2808 4664
135 463 203 512 mn.
230 463 270 514 11.
299 463 345 512 DE
370 459 506 512 Monnls
531 459 723 528 Tnonscls,
746 461 859 514 msa.
884 465 988 514 ffllb
1016 467 1087 542 209

89 573 413 648 observationibus
425 572 949 674 anatomicocbirurgiciso),
961 602 1090 676 quam·

89 695 142 765 vis
163 693 289 764 addita
306 691 427 790 figura
448 691 502 790 (a)
519 691 673 764 minime
692 694 775 790 ipso
797 693 929 791 digna,
949 719 1089 793 propo·

90 824 250 882 suerant.
271 815 344 882 Has
359 824 568 882 consecutae
581 825 668 882 sunt
683 823 831 908 postea,
843 826 885 882 ut
899 811 988 884 alias
999 839 1091 911 prae-

89 941 248 1018 teneam,
264 929 439 1026 Cowperi
455 940 491 998 et
512 927 671 999 aliorum
688 927 901 1026 ,Anglorum
919 927 1092 1002 observa·

88 1044 209 1118 tiones
228 1069 290 1118 sex
306 1045 392 1142 (3),
419 1069 502 1143 quae
526 1043 692 1118 valvulas
720 1045 868 1117 easdem
896 1045 1094 1138 exhibent,

91 1177 153 1234 aut
179 1162 220 1232 in
240 1176 345 1260 parte
367 1186 442 1260 qua
465 1159 750 1249 excrescebant,
770 1175 834 1232 aut
858 1163 1016 1234 omnino
1035 1187 1096 1236 os·
1157 1222 1160 1232 .

91 1300 183 1367 scas,
202 1293 268 1350 aut
285 1267 448 1377 lapideas
477 1275 610 1366 factas,
631 1294 695 1350 aut
719 1303 890 1377 gypseas,
906 1295 971 1352 ant
988 1280 1095 1352 deni-

90 1419 164 1492 que
180 1397 232 1468 ita
248 1395 398 1487 densas,
413 1409 622 1468 contractas
645 1412 682 1470 et
705 1396 867 1486 albidas,
885 1411 923 1469 et
936 1423 1024 1470 mox
1037 1423 1095 1472 os·

92 1535 178 1601 seae,
195 1529 260 1605 aut
276 1513 431 1611 lapideae
449 1511 584 1586 luturae
603 1539 682 1587 csse
701 1513 932 1587 viderentu'r.
951 1517 1098 1607 Quibus
1133 1593 1134 1600 χ

91 1627 416 1702 observationibus
424 1645 501 1704 tres
511 1631 880 1727 saltem,quatuorve
898 1634 986 1706 alias
1000 1635 1097 1710 adde

88 1744 258 1818 virorum
269 1745 1097 1847 praeclarissimorumTheodoriZwingeri(4)‚

89 1847 244 1964 Josepbi
261 1869 378 1960 Exup.
401 1864 544 1934 Bertini
562 1861 632 1960 (5),
650 1875 696 1956 et
712 1862 855 1936 Alberti
874 1862 1010 1935 Halleri
1024 1865 1097 1962 (6),

88 1983 156 2079 qui
173 1980 323 2053 easdem
338 1979 504 2066 valvulas
518 1976 776 2067 offenderunt,
794 1981 940 2077 primus
952 1983 992 2052 in
1010 1979 1098 2056 sene
1185 2033 1187 2040 ι

88 2122 165 2195 qua
188 2112 293 2195 parte
318 2095 557 2170 cohaerebant
582 2113 709 2186 aortae,
733 2097 846 2170 duras
868 2097 1098 2192 admodum,

39 2243 41 2250 ¹
89 2230 128 2288 et
148 2215 447 2314 cartilaginosas3
469 2213 563 2286 alter
580 2215 621 2286 in
640 2214 789 2288 duabus
802 2216 1012 2314 virginibus
1036 2243 1096 2292 os·

91 2355 189 2419 scas,
204 2347 240 2434 ct
255 2333 307 2404 sic
324 2332 537 2430 dispositas,
553 2332 615 2402 vix
633 2345 676 2404 ut
692 2331 856 2405 calamus
877 2334 1097 2432 scriptorius

89 2449 273 2522 intereas
296 2450 491 2538 transiret;
517 2451 649 2522 tertius
675 2451 715 2520 in
733 2449 872 2546 juvene
900 2475 1096 2524 arenosam

88 2567 283 2638 materiam
303 2569 403 2638 inter
425 2589 508 2639 suas
535 2566 684 2638 membr
757 2591 793 2654 s,
823 2589 945 2640 osseas
970 2583 1094 2642 autem

89 2683 305 2781 squamulas
321 2686 397 2759 suis
416 2683 455 2754 in
472 2589 893 2757 tendinibusaedbentes
913 2686 965 2756 sic
982 2699 1025 2758 ut
1043 2687 1094 2757 ri·

90 2801 183 2900 gidae
198 2815 337 2889 essent,
354 2814 391 2872 et
405 2800 695 2899 inexplicabiles.

143 2943 199 2990 10.
221 2919 308 2990 Noli
322 2933 449 2994 tamen
466 2917 639 3006 credere,
655 2920 695 2990 in
712 2917 814 2992 hisce
834 2915 1011 2990 omnibus
1025 2917 1093 2989 ob·

91 3033 365 3106 servationibus
400 3033 525 3106 cordis
561 3035 847 3133 palpitationem
880 3035 1091 3104 memorari.

127 3384 170 3464 (1)
193 3386 265 3444 Obs.
280 3387 329 3462 69.

127 3488 170 3565 (a)
193 3488 256 3564 Fig.
280 3486 327 3559 57.

128 3585 171 3664 (3)
194 3587 304 3664 Saggio
317 3587 392 3645 delle
402 3589 541 3644 Transaz.
552 3586 682 3645 tradotte
691 3585 741 3645 dal
747 3587 891 3658 Derham,
901 3599 973 3643 torn.
985 3605 1013 3659 a,
1025 3607 1056 3664 p.
1064 3607 1092 3660 a,

91 3705 114 3742 c.
128 3687 162 3759 3,
178 3691 194 3758 S
208 3707 236 3760 7,
250 3688 321 3762 8‚9,
338 3687 372 3742 13
386 3680 476 3762 etfig.
490 3687 551 3742 tab.
564 3685 592 3742 5.

129 3785 172 3854 (al
193 3779 316 3843 ΛΜΝ.
334 3788 383 3854 C.,
398 3796 468 3840 tom.
488 3805 521 3854 1,
540 3786 605 3842 obs.
622 3785 670 3857 78.

127 3886 171 3964 (5)
192 3889 302 3957 Quaest.
312 3886 390 3942 med.
404 3903 442 3940 an
455 3903 543 3942 cansa
555 3895 628 3941 mot.
642 3885 746 3944 alteru
757 3884 840 3942 cord.
854 3881 982 3956 multipl.
998 3903 1027 3939 ιι.
1043 3885 1070 3940 3.

126 3984 157 4061 (6
190 3987 303 4064 Opusc.
315 3985 469 4064 patholog.
484 3983 549 4042 obs.
564 3982 610 4040 da.

159 3985 194 4156 b.
876 4082 920 4164 14
