2850 4668
194 467 282 557 m.
310 509 351 560 11.
380 509 427 560 oa
452 477 588 562 norme
614 506 808 572 monacas,
834 471 949 560 arur.
972 512 1046 560 xxr.
1125 491 1147 578 3

139 639 234 712 tem,
253 624 405 722 sangnis
421 621 607 720 plurimus
626 636 811 724 extremo,
831 636 872 694 ut
891 598 1040 712 cenaui,
1057 642 1151 698 tem-

138 769 233 843 porc
253 744 293 816 in
314 769 357 820 ea
381 743 575 827 restitans,
600 741 761 818 multum
783 740 1010 816 dilataverat.
1036 746 1151 844 Niger

137 865 168 939 is
184 875 279 951 erat,
297 875 334 934 et
352 883 572 959 grumosus,
597 883 668 935 nec
691 861 772 934 sine
792 859 976 958 polyposa
994 857 1151 936 concrc-

137 981 242 1052 tione
259 979 382 1055 tenaci
404 993 441 1050 et
461 1001 618 1075 magna,
635 977 741 1074 cujus
758 1002 845 1076 pars
870 979 910 1050 in
937 979 1150 1075 subjectum
1206 967 1209 974 ¹

138 1097 392 1176 ventriculum
404 1095 617 1195 pertinebat
633 1122 641 1166 τ
660 1096 776 1170 altera
793 1109 941 1186 autem,
957 1095 1048 1172 huic
1064 1099 1152 1172 sub·

136 1217 313 1295 stantiam
329 1241 409 1292 non
427 1214 619 1301 dissimili,
641 1215 707 1288 sed
721 1231 839 1302 teres,
858 1217 898 1288 in
916 1219 1051 1290 arteria
1073 1229 1153 1292 erat

136 1330 365 1432 pulmonari,
386 1333 497 1406 Nulla
523 1347 648 1430 autern
676 1333 716 1406 in
745 1335 897 1406 sinistro
918 1335 1151 1426 ventriculo,

134 1451 360 1548 adjectaque
374 1451 562 1538 auricula,
583 1451 777 1550 inquibus
794 1478 842 1545 ne
858 1453 1051 1550 sanguinis
1070 1453 1152 1550 qui·

135 1567 237 1656 dem,
249 1567 1023 1659 nisilortcinterdiseecanduminstinxerat,
1038 1570 1151 1668 quid-

135 1713 252 1786 quam
271 1689 409 1766 inveui.
430 1691 473 1761 ln
495 1702 627 1764 ventre
651 1688 776 1786 aliqua
798 1713 905 1786 aquae
927 1689 1036 1788 copia
1063 1686 1151 1780 fuit5

131 1807 244 1902 jecur
265 1806 314 1884 ad
333 1804 567 1903 crepidinem
593 1806 771 1900 lividum:
795 1808 991 1898 intestina,
1012 1799 1151 1882 alicubi

135 1924 350 2011 subrubra,
366 1947 479 2020 grava
498 1922 663 2002 olebant.
1032 1934 1035 1940 '

186 2047 221 2128 lt·
249 2044 370 2116 Senex
395 2061 585 2114 annorum
602 2039 838 2137 septuaginta
867 2053 1050 2138 quatuor,
1077 2051 1152 2116 sta·

74 2155 76 2165 '
136 2175 231 2238 turae
249 2156 420 2242 humilis,
441 2179 633 2252 cauponas
653 2155 894 2254 frequentare
915 2159 1066 2243 solitus,
1091 2159 1152 2236 his

134 2276 280 2358 ultimis
291 2275 400 2353 annis
413 2273 839 2374 obrrnxiuspulmunum
851 2275 1150 2369 inflammationi,
1181 2297 1186 2366 ζ
1230 2288 1232 2292 ’

136 2393 209 2472 hac
230 2394 433 2470 novissime
452 2394 491 2468 in
511 2381 688 2468 Pataviiao
705 2395 929 2468 nosocomio
938 2397 1038 2466 intra
1057 2397 1149 2470 octi-

135 2510 257 2590 duum
279 2509 475 2590 confectus
500 2509 630 2588 fiterat.
651 2512 857 2586 Peculiaria
876 2527 1150 2612 symptomata,

134 2645 370 2728 eooemporc
392 2630 671 2716 animadversa,
699 2627 868 2704 nonfuit
886 2635 957 2729 qui,
975 2646 1182 2709 accurate.
1292 2712 1297 2720 ,
1341 2657 1343 2664 ’

136 2747 226 2828 satia
251 2764 444 2825 narraret:
467 2747 718 2846 quamobrem
742 2749 844 2846 ipsa,
866 2763 907 2822 nt
935 2751 975 2820 in
1002 2749 1150 2826 duabus

132 2865 279 2967 p'aritcr
287 2865 546 2964 superioribus
554 2865 721 2942 historiis
736 2863 807 2940 feei
820 2864 871 2947 ch
885 2866 1056 2940 camdem
1067 2891 1152 2940 rau

137 3006 216 3064 tam
229 3037 239 3070 ‚
251 3009 330 3062 non
345 2981 477 3062 refero.
498 2989 576 3060 Hoc
590 3009 709 3060 uuum
726 2983 832 3081 quod
851 2990 921 3081 prlo
937 2999 1041 3058 certo
1053 2986 1148 3060 scira

136 3103 264 3199 potui,
281 3128 359 3180 uon
382 3101 559 3178 reticebo.
585 3102 699 3176 Nullo
718 3111 879 3201 'prorsus
899 3117 1148 3201 symptomata

136 3219 242 3317 quod
263 3220 455 3317 speciatim
474 3221 522 3296 ad
546 3219 840 3296 describendum
867 3220 993 3294 cordis
1016 3221 1150 3296 vitium

136 3340 333 3424 attineret,
360 3337 421 3414 hic
446 3337 702 3424 laboraverat,
735 3365 814 3412 uon
839 3338 1036 3436 deliquiis,
1069 3363 1149 3416 non

137 3451 467 3554 palpitationibue,
482 3483 562 3531 non
580 3458 783 3572 pulpuum,
799 3459 866 3556 qui
881 3459 986 3556 parvi
999 3473 1150 3532 catero-

138 3575 232 3669 quin
248 3589 369 3657 erant,
386 3575 719 3672 inuqualitatibus,
731 3599 855 3673 neque
868 3575 950 3648 aliis
962 3575 1151 3671 ejusdem*

138 3690 547 3782 nolanuaestvianim
565 3692 643 3764 hacc
654 3693 869 3791 diligentius
888 3696 1090 3791 postquam
1104 3689 1153 3782 ad

140 3805 407 3888 absolvendam
417 3827 619 3886 anatomen
633 3811 823 3909 publicam
833 3837 934 3882 anno
948 3811 1040 3907 1730
1049 3864 1061 3897 ,
1071 3813 1152 3904 cjus

142 3926 321 4000 cadavere
349 3954 436 4002 rasus
456 3928 610 4000 fueram.
632 3930 834 4000 Pulmonea
856 3928 1028 4024 undique
1045 3939 1153 4001 erant

142 4042 281 4138 pleurae
301 4048 449 4119 annexi.
465 4049 617 4120 Dexteri
631 4072 718 4146 para
736 4069 882 4120 summa
898 4047 1014 4136 dura,
1034 4060 1071 4118 et
1095 4046 1153 4122 ni-

931 4171 950 4233 1
964 4163 982 4197 a
