2984 4670
309 429 379 532 378
476 453 523 504 nr
550 453 696 504 sumnus
722 454 766 502 nr
793 451 916 528 causis
943 451 1153 504 notrorum

307 589 344 646 ta
365 572 515 642 circiter
528 572 660 669 capitis
669 585 706 642 et
722 565 1127 642 ventriculidebilitate
1147 586 1321 656 vexatus,

308 693 368 765 siti
382 713 550 788 quoque,
566 705 604 760 et
616 689 845 787 repentinis,
865 689 1057 787 precipue.
1067 687 1158 760 dum
1179 689 1320 779 stabat,

306 811 425 882 enimi
454 805 750 896 defectionibus,
777 829 865 880 cum
896 813 1060 906 pectoris
1083 808 1254 906 angustia
1282 823 1323 880 et

307 929 440 1028 pulsus
458 927 759 1014 intermissione,
788 927 828 996 in
846 924 991 997 febrem
1011 925 1163 998 tandem
1180 925 1323 998 incidit

309 1047 510 1118 tertianam
537 1044 727 1141 duplicem
756 1046 997 1132 continuam,
1023 1069 1106 1142 quae
1121 1043 1268 1116 acutior
1280 1045 1322 1115 in

307 1165 388 1236 dies
404 1161 521 1250 facta,
539 1163 579 1232 in
592 1163 807 1250 ardentem,
826 1177 939 1260 atque
957 1163 1052 1236 adeo
1064 1162 1243 1245 lethalem
1256 1161 1322 1234 de·

311 1281 514 1380 generavit.
550 1279 764 1352 Abdomine
798 1281 977 1368 diducto,
1005 1295 1201 1352 omentum
1227 1303 1323 1378 prae-

308 1398 451 1498 grande
469 1399 666 1470 inventum
683 1414 762 1487 est,
784 1381 889 1497 quod
916 1423 954 1472 se
981 1401 1019 1468 in
1042 1397 1143 1471 funis
1163 1397 1322 1472 modurn

308 1519 520 1588 intorserat.
538 1521 678 1588 Dexter
699 1541 767 1588 ren
788 1517 935 1606 deerat,
955 1541 1080 1614 neque
1103 1515 1225 1588 ullum
1244 1532 1324 1588 erat

310 1659 487 1707 vasorum
517 1636 598 1731 ejus
625 1635 900 1732 emulgentium
928 1635 1150 1732 vestigium:
1174 1635 1327 1714 sinister

308 1753 472 1824 naturali
498 1768 579 1824 erat
610 1753 894 1851 magnitudine,
922 1768 958 1824 et
989 1752 1193 1824 vesiculam
1218 1767 1323 1848 equa

308 1871 482 1970 plenam,
497 1895 610 1970 quam
633 1871 851 1968 hydatidem
871 1885 1027 1955 vocant,
1045 1867 1203 1942 fovebat.
1223 1869 1324 1942 Tho·

309 2011 395 2062 race
413 1991 592 2075 dissecto,
610 1989 844 2062 ventriculus
857 1979 983 2061 cordis
1000 1988 1130 2060 dexter
1145 1991 1325 2060 setisma·

310 2131 421 2207 gnam
436 2109 719 2179 concretionem
737 2108 958 2207 polyposam
975 2107 1156 2196 ostendit,
1174 2127 1257 2206 quae
1274 2109 1324 2180 ad

308 2227 540 2298 mediocrem
564 2239 723 2298 tractum
744 2233 864 2324 seper
885 2246 1019 2298 venam
1041 2229 1168 2298 cavam
1185 2225 1329 2325 produ-

312 2344 589 2430 cebat33inister
602 2346 805 2434 minorem,
822 2371 904 2443 quae
916 2371 1047 2418 venam
1059 2347 1323 2444 pulmonarem

311 2459 631 2560 adibatDenique
641 2465 771 2534 cranio
783 2464 1166 2560 circumsect0,qu0d
1178 2465 1327 2561 antiqui

216 2593 218 2597 “
312 2578 438 2650 morbi
456 2579 584 2652 sedem
608 2583 805 2654 continere
823 2581 1128 2669 existimabatur,
1145 2583 1244 2652 intra
1265 2605 1327 2652 ce-

310 2695 414 2767 rebri
430 2699 660 2772 ventriculos
675 2725 781 2798 aquae
797 2701 981 2787 multum,
996 2697 1181 2796 glandulae
1199 2707 1326 2770 autem

311 2815 445 2913 plexus
474 2816 666 2891 choroidis
697 2819 904 2918 plurimum
932 2816 1083 2890 tumidae
1116 2829 1327 2914 conspectae

311 2949 410 3005 suut.
851 2947 853 2952 “

363 3051 395 3124 5.
413 3048 482 3124 Hic
497 3054 673 3127 sacerdos
690 3056 723 3127 si
740 3054 842 3125 idem
857 3077 936 3123 non
956 3051 1026 3123 fuit
1046 3075 1090 3123 ac
1112 3051 1329 3132 monachus

308 3171 359 3241 de
374 3195 451 3266 quo
466 3171 560 3242 mihi
579 3172 816 3270 (1)Valsalva
834 3167 1002 3255 dixerat,
1021 3171 1081 3243 bis
1096 3172 1249 3246 alterius
1262 3171 1327 3244 de-

312 3287 452 3359 fectum
472 3291 573 3362 renis
589 3293 670 3388 ipse
687 3290 840 3378 viderit,
860 3313 1013 3361 necesse
1029 3305 1095 3361 esti
1113 3296 1160 3362 At
1177 3291 1207 3362 si
1222 3289 1326 3370 idem

312 3403 403 3495 fuit,
416 3422 459 3478 nt
473 3409 627 3505 opinor,
642 3422 708 3478 aut
718 3410 757 3478 in
770 3421 931 3478 tractatu
944 3407 991 3480 de
1001 3431 1091 3478 eure
1101 3405 1327 3503 humana(2)

312 3550 392 3596 non
415 3526 565 3596 sinister
588 3550 657 3598 ren
683 3523 804 3598 fuerat
825 3525 1064 3614 scribendus,
1089 3525 1153 3598 sed
1174 3525 1327 3612 dexter,

314 3658 379 3714 aut
396 3643 458 3712 hie
474 3666 554 3712 non
568 3641 718 3735 dexter,
734 3645 800 3717 sed
818 3646 976 3718 sinister.
991 3650 1133 3717 Verum
1146 3642 1328 3716 uterlibet

352 3929 396 4006 (ι)
418 3929 636 3986 reversurae.
656 3933 708 3987 111.
723 3908 852 3990 animae.
867 3933 913 3990 32.

354 4030 396 4106 (a)
420 4033 453 4087 C.
471 4037 612 4102 a,n.1l,.
