2800 4674
188 439 270 516 m.
298 467 339 514 11.
365 466 415 514 os
437 463 575 511 usuris
602 461 798 527 rnoricrs,
824 465 934 512 erist.
956 469 1030 514 xxi.
1063 447 1127 529 nt

126 587 400 682 proposuerat,
427 579 680 666 occurrentia,
705 581 957 674 nequeenim
984 581 1046 652 hic
1071 585 1131 656 vei
1195 609 1197 614 ’

126 697 422 797 syncopeu,ubi
437 695 679 790 inflammatio
702 695 952 792 pericardium
975 701 1132 798 attinge-

127 816 559 912 ret,praetermisit.Eum
574 813 689 908 igitur
701 813 892 908 quereiam
904 814 993 885 iude
1007 821 1131 912 potius

126 948 251 1005 onam
266 932 494 1031 putaverim,
509 929 614 1027 quod
628 953 698 1000 nec
712 951 843 1002 omnes
857 932 982 1002 omniu
999 933 1131 1030 legere,

128 1075 201 1122 uec
221 1073 303 1148 quae
327 1049 551 1146 iegerimus,
577 1047 749 1118 omnium
775 1069 976 1144 possumus
998 1053 1132 1121 memi-

128 1171 239 1240 nisse.
256 1171 443 1260 Caeterum
459 1164 716 1236 animadversa
734 1163 780 1236 ab
800 1165 896 1235 Salio
911 1167 1019 1263 signa
1036 1169 1133 1240 reie-

124 1308 238 1384 geus,
255 1283 349 1354 iilud
365 1281 518 1354 fortasse
532 1265 739 1369 miroberis,
756 1292 842 1352 cum
859 1284 1066 1355 molestiam
1082 1286 1131 1356 ad

107 1425 108 1429 ’
127 1417 297 1475 eternum
320 1400 646 1488 animadverterit,
663 1399 709 1470 ad
726 1399 828 1471 dorsi
845 1399 1035 1473 vertebras
1054 1425 1132 1473 non

127 1517 346 1601 adnotasse,
364 1531 428 1588 aut
449 1541 538 1588 cum
559 1517 660 1588 iliius
674 1489 858 1608 rationein
879 1518 977 1589 hanc
996 1519 1132 1591 redde-

127 1649 203 1721 ret,
217 1635 321 1733 quod
337 1633 599 1706 mediastinum
611 1634 658 1706 ad
668 1651 837 1706 sternum
851 1636 1042 1733 alligatur,
1052 1663 1132 1709 uon

127 1752 350 1839 attendisse,
370 1753 416 1822 ad
433 1751 626 1823 vertebras
638 1765 796 1849 quoque
810 1751 972 1849 aliigari:
991 1769 1054 1824 aut
1065 1756 1140 1826 sal-=

129 1885 207 1942 tem
225 1894 304 1956 uon
318 1867 555 1938 admonuisse
575 1869 589 1964 (
606 1865 645 1936 id
660 1867 765 1962 quod
779 1867 933 1938 fortasse
944 1870 1041 1964 eret)
1051 1895 1135 1966 pro-

130 1987 220 2085 pius
244 1998 435 2072 sternum,
465 2004 579 2080 quam
601 1981 814 2070 vertebras,
841 1981 952 2056 fuisse
978 1987 1057 2056 ilios
1075 1987 1133 2056 in·-

132 2101 431 2172 ssammotioues:
453 2099 556 2196 quod
582 2099 781 2170 discrimen
804 2100 843 2169 in
864 2099 957 2171 locis
982 2102 1135 2198 quibus·

130 2219 220 2290 dam
240 2218 511 2314 Hippocraticis
534 2215 580 2288 de
590 2216 796 2315 pleun'tide
814 2217 870 2287 ad
885 2213 1052 2306 dorsum,
1071 2223 1134 2292 ali-

130 2349 190 2407 ter
207 2336 246 2404 in
271 2333 517 2432 Sepulchreto
536 2333 594 2432 (1)
611 2333 816 2432 explicatis,
841 2339 987 2436 attingit
1012 2339 1133 2412 clarus

128 2457 255 2526 Verna
273 2451 327 2548 (α)
343 2479 350 2521 :
368 2452 584 2548 quanquam
603 2453 760 2549 epistola
778 2456 972 2550 superiore
991 2456 1046 2553 (3)
1061 2457 1132 2528 ulia

130 2593 287 2668 quoque
306 2594 400 2640 ame
420 2571 515 2640 ratio
536 2569 698 2641 indicata
724 2585 795 2659 est,
816 2593 886 2642 *cur
910 2573 1132 2644 mediastino

127 2685 265 2759 effecto
282 2687 450 2759 accidere
465 2675 654 2758 interdum
667 2689 802 2785 possit,
820 2705 860 2761 ut
876 2705 1056 2779 sternum,
1067 2717 1133 2790 po-

129 2805 203 2878 tius
223 2807 336 2902 quam
350 2805 553 2892 vertebrae,
568 2809 828 2902 compatiatur.

179 2921 253 2992 Sed
271 2923 528 2994 vertebrarum
546 2921 641 2994 facta
656 2919 869 3012 mentione,
889 2921 926 2994 id
940 2928 1051 2996 etiam
1064 2929 1134 2998 mi*-

130 3041 208 3112 rari
222 3038 339 3126 subit,
358 3064 443 3110 cum
455 3065 549 3139 saepe
561 3041 655 3112 adeo
665 3043 796 3138 capitis
806 3031 961 3114 dolores
972 3066 1041 3140 per
1048 3067 1132 3114 san·

132 3157 257 3254 guinis
273 3158 455 3254 impetum
478 3173 542 3229 aut
563 3151 707 3228 moram
726 3161 762 3228 in
784 3158 929 3230 cerebri
953 3161 1134 3259 meningi-

129 3272 220 3362 bus,
233 3289 295 3344 aut
306 3299 374 3371 per
384 3275 493 3345 aliam
504 3276 637 3346 harum
649 3276 857 3363 iaesionem,
874 3278 1135 3369 irritationem-

132 3417 179 3462 ve
192 3391 445 3487 explicentur,
465 3417 533 3464 cur
555 3392 602 3462 ad
624 3392 727 3463 dorsi
747 3393 913 3480 doioreS,
929 3385 1148 3493 dequibus·

129 3508 354 3580 nominatim
382 3511 516 3582 iubae
542 3507 962 3608 Sepuicbtetisectione
991 3516 1133 3613 agitur,
1168 3561 1170 3565 ·

1009 3677 1140 3707 ..ᾦα

122 3821 127 3832 ·
171 3807 216 3886 (1)
238 3801 314 3867 S'ect.
329 3809 385 3868 hac
405 3812 591 3887 4,*Append.
607 3816 645 3871 ad
661 3815 725 3870 obs.
740 3815 787 3890 39.

171 3907 215 3986 (α)
236 3909 268 3966 Ρ.
286 3911 318 3980 3,
337 3912 409 3986 e.8,
428 3915 747 3986 n.9et12,iibricit.
762 3912 966 3989 supra,adn.
981 3917 1027 3982 43.
1129 3903 1132 3914 ⁴

173 4009 276 4087 (M.
301 4025 347 4067 υ.
384 4007 386 4020 ’
760 4026 762 4035 ’
853 4009 856 4017 '
1054 4021 1057 4030 ⁴

198 4136 201 4141 .
951 4113 988 4183 8*
