2816 4668
187 477 255 524 mn
282 475 324 523 π.
353 456 924 544 nrnonrlspnonscrs,nr1sn
951 471 1032 516 xxv.
1062 446 1132 534 415

118 591 282 664 Lancisii
302 590 410 660 locus
427 585 481 684 (1)
502 583 720 672 scribentis,
744 583 870 654 cordis
891 584 1132 682 superficiem

119 732 270 783 exesam
292 721 405 803 atque
426 703 675 778 exulceratam
698 726 736 772 se
755 704 810 772 bis
834 718 903 773 out
921 719 977 786 ter
994 702 1130 801 depre-

124 826 320 898 hendisse:
339 830 447 921 signo
458 845 549 895 vero
565 821 678 916 btq'us
691 821 906 911 affectionis
919 829 1131 917 communia

105 947 201 1038 fore
217 967 293 1014 osse
312 966 397 1013 cum
414 939 579 1028 indictis,
600 963 687 1036 quse
699 938 999 1034 praecordiorum
1020 966 1131 1012 onero

121 1076 290 1156 rysmoto
302 1065 538 1132 comitantur.
566 1055 638 1128 sed
654 1081 777 1153 neque
796 1055 836 1126 id
859 1057 1025 1147 mirum,
1043 1061 1133 1155 quia

119 1181 202 1278 ipse
219 1177 372 1278 quidem
392 1178 537 1248 invenit
546 1173 774 1274 pleramque
790 1165 875 1246 cnm
894 1173 953 1247 his
974 1178 1133 1274 compli-

65 1315 81 1326 ‘
120 1313 265 1370 catam:
284 1319 409 1392 neque
429 1296 529 1366 inter
547 1293 655 1392 signa
674 1316 807 1364 eorum
825 1309 1132 1390 aneurysmatum

108 1415 333 1487 necessario
357 1413 420 1483 illa
441 1412 524 1484 ‘duo
549 1435 649 1499 esse,
675 1410 722 1484 de
741 1411 882 1508 quibus
907 1411 969 1483 hic
998 1416 1134 1510 quaeri-

119 1557 222 1621 mus,
243 1557 289 1604 cx
310 1545 384 1614 tot,
413 1531 502 1600 alias
529 1529 575 1600 ad
599 1544 635 1599 te
665 1529 807 1617 missis,
825 1548 1133 1626 aneurysmatum

120 1649 421 1750 praecordiorum
446 1643 554 1718 facile
578 1643 747 1716 historiis
778 1646 968 1742 intelligis.
1001 1650 1132 1723 videri

120 1771 232 1844 etiam
251 1781 407 1866 possent
424 1763 632 1836 Meekrenii
648 1778 762 1861 ceput
777 1766 913 1834 XXXV
935 1764 993 1860 (2)
1009 1768 1133 1862 perle-

112 1887 291 1985 gentibus
312 1884 441 1982 plures
466 1882 545 1951 aliae
568 1887 693 1952 extare
712 1882 890 1951 ulcerum¹
908 1880 1032 1953 cordis
1057 1883 1126 1954 ob-

118 2005 377 2088 servationes,
404 2015 440 2070 et
471 1997 628 2070 fortasse
652 2013 789 2071 extant.
821 2003 993 2070 Attamen
1016 2025 1061 2071 ex
1086 2002 1132 2076 iis

120 2147 215 2220 quas
234 2117 378 2219 prosprt
391 2133 455 2188 ant
469 2117 631 2204 indicat,
652 2115 760 2204 alias,
781 2118 810 2188 si
830 2115 1029 2214 diligenter
1040 2143 1131 2190 con-

116 2237 273 2324 tuleris,
299 2261 344 2306 ex
362 2235 434 2305 illis
463 2257 542 2305 esse
567 2234 791 2330 comperies,
812 2259 893 2330 quae
914 2235 993 2329 'jam
1016 2260 1037 2304 a
1064 2253 1132 2308 no·

120 2353 181 2424 bis
211 2367 300 2424 sunt
328 2375 545 2450 perpensae,
569 2352 741 2422 'aliarum
772 2366 898 2423 autem
931 2353 1130 2452 plerasque

120 2473 163 2542 in
184 2471 228 2542 iis
253 2495 331 2541 non
350 2471 520 2541 invenies
539 2491 636 2566 quos
658 2470 738 2566 ipse
759 2469 913 2566 quidem
936 2471 1131 2572 designat,

119 2589 352 2685 scriptorum
381 2587 494 2676 tocis;
520 2587 725 2658 nonnullas
748 2588 859 2658 etiam
883 2589 999 2687 longe·
1021 2591 1129 2666 aliter

115 2705 258 2777 habere
273 2727 478 2804 cognosces
489 2759 499 2794 ‚
510 2729 553 2777 ac
565 2707 644 2803 ipse
656 2703 807 2777 videtur
816 2706 994 2780 indicare.
1014 2712 1126 2781 Nam-

123 2849 198 2922 que
212 2825 311 2895 inter
323 2823 550 2896 narrandam
565 2822 868 2894 observationem
884 2849 1005 2914 suam,
1020 2830 1127 2923 cujus

121 2955 350 3040 postremam
376 2957 521 3040 partem
547 2940 651 3012 haud
678 2938 784 3011 facilc
813 2955 869 3012 est
897 2943 1136 3038 intelligere-Y

117 3059 227 3146 boio,
251 3060 394 3158 inquit,
413 3055 776 3158 exemplomsimile‚
790 3057 830 3126 id
850 3071 904 3128 est
928 3058 1051 3140 cordis
1066 3061 1126 3130 nl-

58 3210 67 3222 ·
121 3181 218 3248 ceris
240 3201 326 3248 cum
345 3176 478 3248 crebra
499 3177 615 3248 animi
638 3173 869 3261 defectione,
887 3179 925 3244 in
942 3173 1125 3275 discipulo

118 3319 189 3368 suo
225 3301 356 3367 Romoe
383 3321 409 3366 α
439 3321 478 3365 se
510 3294 667 3365 dissecto
697 3295 909 3364 observasse
936 3319 974 3365 se
1002 3299 1129 3368 scribit

121 3414 254 3485 Beold.
278 3412 441 3484 Columb.
455 3411 504 3483 de
519 3428 675 3483 reonot.
696 3412 755 3484 lib.
776 3409 829 3484 15.
848 3411 1055 3486 Columbus
1067 3440 1128 3486 au-

119 3545 199 3602 tem
220 3552 306 3603 eum
325 3529 552 3629 discipulum
573 3527 687 3602 refert
715 3529 887 3628 quidem,
910 3532 1068 3602 subinde
1089 3539 1126 3604 in

120 3673 323 3746 syncopem
337 3647 519 3736 incidisse5
532 3673 665 3720 verum
678 3673 757 3719 non
774 3648 879 3720 ulcus
889 3649 929 3718 in
945 3673 990 3720 eo
1001 3634 1126 3737 fuisse,

163 3933 208 4011 (1)
230 3937 273 3990 De
285 3947 358 3990 mot.
374 3933 456 3990 cord.
473 3933 508 3988 23
522 3932 554 3988 in
569 3928 661 3989 schol.

163 4034 209 4114 (2)
230 4035 303 4092 obs.
316 4034 392 4092 med.
407 4028 517 4110 cthur.
