2808 4664
181 483 249 532 LIB.
277 487 316 532 11¹.
345 488 391 532 DE
417 485 551 533 MORBIS
577 484 774 548 THORACIS,
800 453 910 534 msam
938 487 1038 532 xxiv.
1068 487 1135 560 277

134 598 290 668 modum
307 624 351 670 ex
367 599 585 670 Bartholino
610 599 649 668 in
674 597 902 670 Adversariis
921 599 1137 696 (1)memo-

133 707 307 786 ravi'Sed
320 715 397 787 haee
408 732 449 787 tu
460 770 468 800 ,
479 730 515 786 et
526 716 665 812 posteri
681 712 835 786 fortasse
846 715 1029 805 videritis,
1045 716 1139 788 mihi

133 831 296 903 necdum
308 832 378 904 hac
388 834 427 902 in
440 858 480 902 re
494 831 579 928 plus
589 831 732 928 liquere
743 886 752 919 ,
763 855 876 928 quam
889 831 943 902 ibi
956 832 1009 928 (a)
1022 835 1138 931 scrip-

135 950 268 1035 serim,
284 951 446 1047 ingenue
464 946 592 1020 fateor.
612 949 680 1019 Hic
697 947 851 1020 fortasse
873 947 995 1038 dices,
1019 950 1138 1021 multo

12 1127 14 1134 ,
68 1143 76 1150 ,
134 1064 323 1138 difficilius
338 1066 494 1164 intelligi
507 1090 636 1164 posse,
654 1065 848 1163 quomodo
862 1066 901 1136 in
915 1066 959 1136 iis
973 1067 1048 1137 vita
1064 1092 1140 1140 ser-

132 1199 259 1272 vetur,
274 1185 340 1281 qui
353 1183 423 1256 sub
434 1185 539 1282 aquis
550 1185 689 1256 diutius
703 1185 835 1272 mersi,
852 1185 1011 1256 mortuis
1026 1184 1141 1254 simil-

132 1304 214 1374 limi
230 1305 451 1378 educuntur.
463 1310 518 1376 ,In
534 1305 712 1404 asphyxia
727 1307 827 1376 enim
841 1296 1139 1404 respirationem,
1190 1353 1192 1356 .

134 1436 172 1493 et
188 1421 292 1518 quod
317 1413 582 1519 consequitur,
604 1413 822 1495 interiorem
850 1421 978 1494 saltem
1006 1447 1138 1520 quam·

132 1538 219 1608 dam
239 1539 520 1612 circulationem
538 1541 728 1636 sanguinis
745 1555 929 1637 perstare,
947 1565 1029 1636 quae
1044 1541 1084 1610 in
1096 1539 1140 1608 il-

131 1655 178 1726 lis
196 1655 306 1726 simul
323 1679 409 1727 cum
426 1657 673 1753 respiratione
690 1655 847 1724 omnino
866 1657 1137 1752 intercipiatur,
1158 1692 1159 1695 ¹

131 1797 284 1844 necesse
300 1789 353 1844 est
363 1787 579 1871 propterea,
600 1772 688 1868 quia
708 1771 886 1843 sincaere
902 1771 1043 1843 alterne
1057 1773 1140 1870 pul·

131 1913 291 1961 monum
317 1911 402 1960 vasa
423 1887 652 1985 explicante,
680 1913 724 1959 ex
751 1886 810 1958 his
831 1886 927 1957 nihil
948 1889 1139 1984 sanguinis

129 2007 291 2078 transire
311 2007 349 2076 in
372 2005 563 2076 sinistrum
583 2001 707 2075 cordis
723 2003 976 2075 ventriculum
1000 2019 1138 2101 potest,

132 2147 210 2220 quo
226 2120 321 2192 nihil
337 2122 377 2191 in
395 2122 549 2194 arterias
569 2120 804 2206 extrudente,
824 2120 1016 2192 circulatio
1031 2146 1140 2219 pror-

133 2264 196 2312 sus
210 2238 313 2308 nulla
331 2253 394 2310 est.
407 2239 498 2328 Quis
514 2263 604 2310 vero
618 2253 749 2336 neget,
766 2238 844 2310 haee
867 2263 1020 2336 quoque
1037 2263 1137 2328 esse,

132 2356 326 2429 intellectu
343 2353 533 2426 difficilia?
549 2355 621 2427 Sed
638 2371 764 2427 tamen
787 2357 813 2426 ii
832 2371 1070 2428 mortuorum
1090 2357 1137 2428 si-

131 2472 239 2544 miles
247 2473 391 2568 jacent:
408 2472 585 2570 asphyxia
596 2489 719 2544 autem
731 2475 895 2571 correpti
905 2499 947 2544 ea
959 2489 1137 2572 praestare

130 2605 295 2689 pergunt
314 2615 396 2687 quae
421 2589 605 2679 diximus,
633 2605 675 2661 ut
695 2591 860 2663 valentes
882 2591 1056 2663 homines
1078 2617 1137 2664 so-

130 2708 229 2795 lent,
250 2731 327 2777 non
355 2705 469 2777 modo
497 2720 539 2778 ut
568 2708 756 2780 viventes:
786 2706 901 2804 idque
927 2709 1057 2806 ipsum
1080 2723 1163 2780 est·

132 2824 236 2924 quod
264 2825 499 2922 potissimum
527 2823 817 2896 admirabamur.
850 2825 953 2896 Olim
981 2822 1135 2896 fortasse

131 2939 293 3013 obscura
307 2940 379 3014 hac
397 2943 438 3012 in
454 2966 495 3012 re
512 2941 666 3013 luminis
681 2940 823 3039 aliquid
843 2943 992 3029 existet,
1006 2942 1036 3010 si
1055 2965 1139 3011 mu·

129 3058 231 3130 lieris
262 3084 345 3156 quae
370 3061 523 3130 Lutetiae
546 3059 770 3130 Parisiorum
789 3054 1058 3130 adhue-forsan
1083 3058 1140 3126 vi·

127 3175 182 3244 vit
194 3174 265 3270 (3),
284 3174 462 3263 cadaver,
477 3200 550 3272 qua
569 3200 637 3273 par
652 3190 727 3263 est,
745 3189 870 3271 etqua
884 3172 937 3244 ibi
956 3172 1070 3261 solet,
1087 3173 1139 3247 di-

126 3290 280 3388 ligentia
291 3290 598 3389 perlustrabitur:
611 3315 827 3389 quanquam
844 3290 944 3362 illius
960 3288 1138 3388 asphyxia

128 3406 177 3478 ab
199 3423 285 3478 ortu
304 3434 425 3506 usque
453 3424 530 3497 est,
549 3424 585 3481 et
606 3411 635 3482 si
664 3406 876 3504 cujusmodi
896 3409 942 3480 sit
968 3409 1137 3504 corporis

128 3523 277 3640 calope,
289 3540 326 3596 et
338 3525 485 3616 colore,
503 3541 539 3598 et
558 3527 761 3600 menstruis
778 3523 1086 3624 purgationibus,
1100 3539 1136 3594 et

223 3647 235 3678 Ι

171 3827 216 3904 (ι)
237 3828 374 3884 Animad.
389 3827 529 3883 indicata.

169 3925 214 4002 (a)
234 3927 302 3982 Vid.
317 3937 345 3982 et
357 3925 485 3982 animad.
501 3934 551 3996 42,
569 3928 616 3993 43.

170 4024 180 4078 l
184 4027 213 4104 3)
235 4026 310 4083 Hist.
325 4026 360 4083 de
372 4025 485 4081 l’Acad.
498 4028 530 4081 R.
544 4026 595 4082 des
609 4025 673 4095 Sc,
688 4042 735 4079 an.
752 4021 837 4092 1748.

173 4081 182 4099 ἱ
