2820 4668
116 457 117 462 ’
169 469 237 518 ma.
266 467 305 517 n.
333 465 380 516 aa
406 463 542 514 nonnis
568 462 1027 531 raoaacrs,nr1sr.xxv11.
1057 439 1129 513 553

122 607 301 680 measque
331 605 464 654 omnes
492 604 580 652 cum
613 580 774 651 aliorum
801 579 1130 654 observationibus

125 697 360 788 conferenti,
404 699 552 772 veniam
590 697 718 790 datum
756 699 804 769 iri
838 723 975 798 spero,
1013 699 1044 770 si
1085 698 1126 767 in

127 817 208 890 aliis
231 818 338 890 aliter
360 841 441 888 rem
463 821 697 914 ‘contingere'
716 818 921 914 prasertim
948 815 1054 914 quod
1081 814 1129 886 ad

129 957 192 1006 eas
214 937 366 1025 attinet,
392 959 486 1032 quas
508 933 573 1006 hic
591 931 881 1034 perpendimus,
905 923 1158 1006 arteriarum

129 1053 411 1152 concretiones,
430 1053 568 1123 iterum
600 1051 742 1124 dixero.
767 1053 876 1124 Mitto
905 1053 1006 1124 succi
1030 1051 1131 1122 colo-

128 1195 229 1260 rem,
250 1153 365 1270 quem
383 1170 499 1242 alium
523 1168 713 1241 interdurn
733 1169 821 1240 vidi.
837 1173 883 1240 At
897 1169 1037 1242 multos
1047 1167 1136 1242 fuis?

131 1311 170 1361 se
195 1288 403 1376 confirmo,
426 1311 591 1387 qnorum
614 1311 701 1360 cum
723 1303 819 1360 esset
842 1288 976 1360 arteria
995 1311 1132 1386 magna

131 1407 207 1479 illic
224 1407 414 1496 ossiculis,
435 1406 512 1478 illic
527 1407 693 1477 *maculis
717 1405 945 1500 majoribus,
973 1407 1132 1476 minori·-

126 1523 220 1612 bna,
235 1523 502 1612 crassioribus,
518 1523 754 1596 tenuioribus
773 1525 912 1620 passim
937 1523 1132 1612 distincta,

127 1665 338 1736 nusquam,
354 1665 404 1714 ne
422 1642 463 1710 in
478 1641 623 1740 exiguis
640 1639 795 1738 quidem
818 1639 954 1710 harum
974 1640 1135 1712 inchoa-

131 1760 288 1848 mentis,
305 1757 513 1858 quidquam
533 1758 635 1830 succi
649 1757 755 1828 licuit
775 1755 1073 1856 deprehendere.
1098 1757 1136 1829 Si

127 1878 168 1948 in
198 1874 377 1948 omnibus
406 1899 542 1966 osseas
558 1876 780 1948 arteriarum
800 1874 970 1946 bracteas
1000 1871 1133 1947 effusio

127 1994 355 2095 praecederet
376 1995 478 2068 succi
492 1993 596 2084 ssavi,
613 1995 785 2066 intimam
809 1995 974 2065 tunicam
993 1995 1135 2064 intror-

130 2139 211 2186 sum
230 2113 585 2186 versus‘attolle‘ntis
597 2154 609 2202 ,ν
625 2126 662 2184 et
675 2113 814 2210 passim
828 2135 1033 2184 convexam
1046 2117 1133 2182 emi-

128 2247 347 2328 nentemque
377 2231 587 2320 reddentis3
606 2245 706 2302 certe
734 2229 910 2327 intelligis
937 2253 998 2303 eas
1026 2230 1133 2302 sedes

128 2353 233 2422 ineos
261 2365 401 2423 attente
426 2351 680 2448 inspectantes
707 2348 839 2436 oculos
859 2345 1024 2445 effugere
1053 2371 1131 2419 non

130 2469 306 2566 potuisse.
334 2471 465 2566 Neque
484 2465 571 2540 ideo
603 2467 678 2539 hoc
702 2464 808 2555 dico,
832 2465 938 2564 quod
959 2482 1133 2538 censeam

128 2586 338 2658 sine‘succo
363 2585 543 2658 morboso
561 2587 779 2684 plerasque,
798 2599 835 2656 et
855 2586 886 2657 si
910 2587 981 2674 vis,
1000 2607 1133 2657 omnes

129 2705 293 2776 maculas
303 2705 490 2802 incipere,
506 2707 652 2802 augeri,
672 2727 882 2792 ossescere,
902 2703 967 2775 sed
981 2702 1067 2773 ideo
1078 2702 1133 2774 di-

130 2845 195 2910 co,
213 2821 319 2918 quod
341 2823 381 2892 in
400 2805 724 2920 aliis'corporibus
742 2819 887 2893 effundi
913 2821 1064 2916 utique,
1093 2821 1132 2890 in

133 2939 215 3010 aliis
234 2953 360 3013 autem
381 2939 462 3010 sine
476 2937 660 3010 effusione
678 2939 816 3010 sensim
831 2937 1015 3008 duntaxat
1033 2961 1054 3006 a
1073 2951 1133 3007 tu-

132 3057 302 3126 nicarum
313 3056 498 3128 arteriolis
510 3081 597 3128 eum
613 3081 769 3128 succum
786 3052 912 3125 afferri
929 3069 966 3126 et
980 3055 1133 3152 apponi,

131 3199 221 3244 meae
240 3173 334 3244 mihi
351 3174 632 3248 observationes
651 3171 874 3273 significant.
899 3173 974 3263 Qui
1000 3196 1133 3246 succus

133 3293 162 3362 si
182 3289 292 3362 foetus
309 3294 356 3362 sit
366 3291 564 3390 particulis
590 3293 670 3387 ejus
693 3291 861 3390 generis,
885 3290 991 3386 cujus
1019 3289 1066 3360 ad
1090 3315 1132 3363 os

131 3408 396 3497 nutriendum,
421 3435 443 3482 a
467 3410 640 3508 plurimis
663 3409 932 3506 requiruntur,
956 3409 1063 3505 sique
1082 3433 1133 3480 eae
1183 3395 1186 3404 ¹

130 3527 320 3622 particular
340 3527 387 3598 ad
414 3527 598 3600 firmiores
622 3529 721 3599 inter
737 3551 775 3610 se
795 3541 990 3598 contactus
1016 3525 1146 3624 magis

129 3645 324 3743 magisque
341 3645 642 3735 contrudantur3
665 3643 754 3715 inde
768 3641 849 3715 fore
871 3643 1133 3717 concretiones

130 3759 246 3858 put'o,
265 3763 395 3859 quales
415 3761 509 3832 mihi
521 3786 722 3834 occurrere
735 3759 1033 3847 consueverunt,
1050 3777 1133 3834 ossa

129 3876 355 3952 referentes:
376 3895 418 3952 ut
441 3879 665 3978 tophaceas,
689 3903 863 3978 gypseas,
887 3893 952 3948 aut
981 3877 1133 3951 alterius

73 4069 75 4074 .
131 3996 317 4092 ejusmodi
334 4014 475 4071 naturae
488 3995 656 4088 futuras,
675 4003 705 4070 si
720 3997 873 4070 alterius
887 3995 1036 4096 generis
1052 4018 1134 4094 par-
