2800 4674
144 464 219 509 mn.
247 462 287 509 11.
316 453 887 526 nenore1srnoaac1s,rr1sr.
916 466 1005 512 xxn.
1039 441 1107 516 185

84 574 249 674 quando
267 588 416 659 contra,
445 575 484 644 in
505 572 737 669 ejuscemodi
758 575 919 662 morbis,
937 578 1034 650 Celsi
1051 578 1106 676 (1)

83 707 217 780 aetate,
235 689 518 766 Alexandriam
533 715 583 762 err
598 690 714 762 Italia
732 692 866 762 ibatur.
886 695 973 784 Quo
991 697 1110 794 magis

83 812 204 886 etiam
224 821 338 907 atque
358 809 468 880 etiam
486 807 689 895 inculcavi,
708 823 849 904 quanta
868 833 907 882 se
923 809 975 882 ibi
992 811 1109 888 debe·

83 942 145 1000 ret
170 951 267 1000 cura
293 941 330 998 et
349 924 541 1023 diligentia
568 927 684 1013 tueri,
711 940 747 998 et
773 928 1110 1026 quantaremediis

81 1047 139 1118 uti
156 1071 249 1144 quae
265 1059 357 1118 tunc
374 1041 693 1116 commendarem.
709 1045 800 1134 Qua
822 1043 921 1116 inter
943 1068 1030 1116 cum
1050 1044 1108 1119 lac

82 1165 325 1262 praecipuum
342 1177 438 1236 esset
455 1162 620 1260 primum
638 1162 848 1251 asininum,
867 1162 1004 1236 deinde
1024 1188 1109 1234 vac·

84 1283 238 1369 cinum3
249 1281 330 1378 ipse
343 1279 500 1350 domum
516 1277 654 1365 redux,
668 1278 734 1348 illo
750 1277 797 1349 ad
812 1301 981 1354 mensem
997 1304 1105 1369 usus,

84 1414 200 1498 sputa
219 1397 312 1468 vidit
329 1396 422 1470 adeo
439 1397 479 1468 in
502 1395 636 1468 melius
653 1411 811 1486 mutata,
830 1413 873 1470 ut
895 1400 1023 1496 copia,
1046 1425 1108 1472 co·

83 1515 191 1605 lore,
211 1517 427 1616 caeterisqne
446 1513 624 1585 omnibus
645 1513 930 1587 conditionibus
943 1517 1021 1612 jam
1042 1539 1115 1590 na-'

83 1635 252 1706 turalem
270 1657 391 1732 prope
411 1646 605 1704 servarent
624 1631 801 1718 modum3
824 1647 903 1706 tum
923 1633 971 1706 ad
988 1636 1108 1706 vacci-

84 1777 185 1822 num
203 1750 263 1822 lac
289 1749 495 1834 transiens,
513 1763 550 1820 et
570 1749 609 1818 in
627 1771 673 1818 eo
693 1746 856 1834 diutius,
882 1763 926 1818 nt
946 1749 1109 1848 impera-

84 1895 242 1959 veram,
258 1869 288 1940 si
311 1869 397 1942 satis
416 1866 597 1966 prodesse
616 1864 827 1951 videretur,
842 1865 1046 1964 persistens
1059 1867 1110 1938 sic

81 2004 126 2060 ut
149 1985 202 2058 ad
225 2001 436 2059 extremum
454 2008 576 2082 usque
596 1981 838 2056 decembrem
859 1981 955 2054 illud
980 2007 1110 2084 sump-

82 2107 199 2191 serit,
217 2103 337 2202 sputis
358 2101 484 2202 qualia
511 2100 721 2176 secundum
748 2116 924 2172 naturam
943 2125 1022 2174 esse
1044 2101 1107 2174 de-

80 2221 207 2311 bent,
226 2223 384 2294 omnino
404 2220 482 2317 jam
510 2219 687 2310 redditis,
716 2219 822 2291 omni
851 2219 1109 2310 irritamento,

82 2338 268 2438 malaque
296 2336 493 2412 affectione
519 2338 595 2410 sive
626 2338 807 2424 thoracis,
835 2338 912 2410 sive
942 2334 1108 2410 faucium

85 2457 269 2545 sublatis,
293 2458 495 2555 pristinum
516 2469 553 2528 et
572 2453 677 2528 faciei
693 2455 886 2543 colorem,
905 2469 944 2528 et
969 2456 1108 2555 reliqui

88 2577 265 2676 corporis
284 2591 365 2646 tum
384 2573 520 2663 robur,
543 2590 625 2645 tum
645 2573 819 2646 habitum
843 2577 1105 2672 recuperavit,

88 2696 315 2794 integraque
328 2692 465 2766 deinde
475 2689 690 2765 valetudine
702 2689 793 2776 fuit,
813 2705 968 2790 eratque
982 2691 1108 2764 adhuc

92 2836 180 2884 cum
203 2812 283 2882 haec
307 2835 566 2900 recenserem,
592 2815 764 2882 anno‘ex
790 2833 868 2908 qno
892 2809 1107 2898 convaluit,
1168 2805 1170 2810 ’

91 2928 435 3029 duodevigesimo:
458 2942 607 3003 tantum
628 2929 669 2998 in
695 2926 853 2998 adverso
883 2942 921 3000 et
944 2927 1047 3014 loco,
1072 2942 1108 2998 et

93 3051 183 3122 anni
202 3065 396 3148 tempore,
426 3045 604 3146 singulari
623 3046 693 3118 Dei
710 3044 961 3142 benignitate,
985 3069 1106 3114 unum

93 3168 252 3240 remedii
281 3191 417 3265 genus,
454 3165 513 3237 lac
547 3165 689 3263 potuit,
722 3162 924 3259 adjuvante
958 3185 1105 3235 summa

93 3289 179 3384 regri
194 3288 235 3356 in
253 3311 291 3358 se
307 3284 558 3358 custodiendo
578 3282 793 3381 diligentia,
812 3296 849 3354 et
862 3281 943 3381 pari
958 3282 997 3352 in
1011 3297 1109 3353 utra·
1154 3369 1157 3373 .
1250 3372 1252 3377 ι

95 3427 166 3502 que
185 3405 391 3476 curationis
418 3417 524 3504 parte
539 3427 585 3473 ex
605 3401 723 3472 animi
745 3399 819 3472 mei
836 3401 1021 3471 sententia
1041 3399 1108 3471 ad·

94 3523 342 3608 ministranda
351 3517 1107 3618 studi0,acvigilantiaLudoviciAlberti,

96 3646 231 3716 medici
240 3644 343 3744 apud
356 3643 580 3730 Feltrienses
590 3641 834 3729 solertissimi,
849 3654 885 3712 et
896 3639 1018 3710 multo
1029 3639 1108 3708 lon·

99 3843 1107 3874 mun-m

136 4023 179 4104 (ι)
200 4029 244 4084 De
261 4026 367 4084 medic.
384 4026 405 4082 l.
421 4025 451 4099 3,
467 4043 493 4083 c.
509 4043 556 4083 aa.
573 4076 580 4091 ,
