2800 4674
214 473 282 524 mn.
310 477 351 524 11.
380 477 427 524 nn
452 473 587 524 iromus
613 473 949 544 rnonro1s,nr1sr.
975 479 1050 526 xxi.
1103 457 1148 546 85

135 606 205 662 aut
231 614 319 662 cum
339 614 482 686 eaquae
506 589 644 687 negligi
661 604 797 686 posset.
824 590 891 659 Hic
915 606 1040 664 autem
1058 591 1151 690 quid

136 705 345 806 saepiusfiat
354 762 363 795 ‚
372 703 541 804 profecto
550 707 852 802 quaerimus,n0n
867 706 960 804 quid
970 732 1151 778 nonnun-

137 849 266 922 quam.
287 828 417 921 Neque
445 805 628 895 enim'vel
654 824 693 894 in
713 823 869 922 epistola
893 825 1087 920 superiore
1098 823 1152 921 (ι)

138 941 323 1038 quasdam
350 941 554 1040 aliquando
578 940 748 1013 accidere
776 940 1057 1012 observationes
1085 967 1152 1014 ne·
1239 986 1243 994 ·

139 1059 334 1155 gavimus,
354 1084 436 1156 quae
456 1045 531 1132 sint
551 1060 714 1130 istarum
724 1059 861 1132 Vesalii
876 1057 1033 1130 similes..
1050 1058 1152 1148 Quin

140 1176 254 1248 etiam
276 1192 318 1248 ut
344 1179 432 1249 istas
452 1176 614 1266 Vesalii,
634 1178 686 1249 sic
703 1176 813 1250 aliam
831 1175 996 1273 aliquam
1021 1176 1062 1246 in
1080 1175 1153 1249 bac

140 1293 386 1392 Sepulchreti
416 1296 582 1366 sectione
605 1296 746 1392 pariter
765 1295 949 1366 omissam.
982 1292 1155 1364 Harderii

139 1409 377 1508 videlicet(a)
390 1411 630 1500 adderemus,
646 1413 719 1484 nisi
735 1427 868 1510 praeter
884 1411 1039 1483 alteram
1052 1435 1152 1482 mor-

139 1527 189 1598 tis
208 1551 356 1600 causam
371 1529 411 1600 in
431 1528 577 1602 cerebri
594 1531 732 1602 cortice
751 1531 955 1629 purulento
975 1530 1151 1627 proposi·

140 1656 241 1731 tam,
258 1646 384 1718 minus
401 1644 566 1718 dilucide
581 1646 708 1718 sedem
724 1646 925 1734 indicasset
948 1645 1059 1716 multi
1079 1669 1153 1742 pu-

140 1759 213 1849 ris,
243 1760 346 1858 quod
374 1763 413 1833 in
434 1762 599 1834 thoracis
620 1787 770 1834 caveam
794 1761 953 1834 effusum
984 1763 1151 1850 invenit,

140 1893 325 1954 accurate¹
337 1881 438 1950 enim
459 1879 647 1974 ejusmodi
672 1880 780 1950 sedes
801 1894 888 1951 sunt
910 1876 1151 1968 definiendae,

140 2018 286 2092 neque,
306 2009 350 2064 ut
368 1993 574 2091 aliquando
595 1992 734 2066 factum
753 1993 897 2082 videas,
918 1994 1153 2090 marsupium

141 2111 246 2182 idem
264 2111 303 2181 in
321 2135 400 2207 quo
426 2135 497 2208 pus
512 2107 642 2204 luerit,
663 2125 728 2183 aut
742 2110 866 2182 adhuc
886 2109 952 2199 sit,
974 2109 1088 2180 modo
1105 2111 1154 2184 ad

141 2227 379 2326 pulmonem,
398 2227 575 2299 modoad
592 2228 763 2327 pleuram
781 2244 836 2300 est
851 2229 957 2325 quasi
972 2253 1043 2326 pro
1058 2227 1154 2300 arbi·

140 2344 218 2416 trio
239 2341 490 2418 referendum.
512 2344 802 2428 Observationes
825 2347 959 2443 igitur,
991 2346 1031 2416 in
1059 2370 1152 2444 quas

142 2460 329 2534 dubitatio
349 2487 428 2534 nou
449 2462 571 2549 cadat,
594 2462 824 2560 ampliorum
840 2465 1150 2560 graviorumque,

140 2577 257 2650 illaeso
265 2579 605 2677 pulmone,pleurae
612 2579 808 2652 ltesionum
815 2579 1151 2678 inpleuritidenon

142 2720 325 2794 negamus
336 2723 346 2786 ;
359 2697 425 2769 sed
436 2697 580 2795 oppido
588 2718 760 2796 perraras
769 2721 849 2769 esse
865 2695 1037 2785 dicimuS,
1050 2698 1080 2768 si
1092 2698 1151 2768 ni·

141 2813 283 2884 mirum
308 2839 395 2886 cum
419 2815 575 2886 immani
594 2838 723 2886 earum
741 2837 902 2886 numero
926 2837 1150 2911 comparen-

142 2943 225 3019 tur,
246 2955 338 3029 quas
355 2946 392 3004 et
410 2933 598 3020 Coiterus,
618 2946 655 3004 et
671 2934 820 3004 Servius
833 2929 1018 3032 habuere,
1034 2931 1151 3026 etqui

143 3047 245 3120 idem
261 3049 365 3146 quod
389 3051 553 3139 Servius,
576 3051 616 3120 in
635 3049 769 3147 viginti
793 3047 1001 3147 pleuriticis
1026 3046 1152 3118 obser·

143 3167 264 3254 ravit,
295 3166 458 3238 Barthol.
486 3167 656 3248 Vicarius
680 3165 752 3264 (3),
776 3181 813 3236 et
832 3161 1053 3262 Gagliardus
1073 3162 1150 3263 (4),

145 3285 214 3382 qui
231 3284 384 3382 triginta
404 3286 551 3360 circiter
565 3283 804 3358 dissecandos
823 3282 982 3372 curavit,
1002 3295 1039 3352 et
1051 3283 1151 3354 Nan·
