2824 4668
298 445 369 520 366
403 457 405 462 “
469 469 516 518 oa
544 468 690 518 saotoos
716 469 759 516 aa
786 467 912 516 caosts
936 469 1151 518 atoaaoaoas

296 581 468 681 relegens
483 587 608 654 XVIll
626 582 639 676 (
647 581 680 677 ι)
697 605 904 678 cognosces
920 583 987 679 (ot-
1001 583 1150 656 Deinde
1164 587 1207 656 in
1218 601 1314 658 utra·

239 721 248 740 ·
295 726 369 799 que
389 701 451 771 illa
471 700 650 786 historia,
669 701 793 771 cordis
813 700 1098 798 palpitationem
1117 719 1155 774 et
1168 705 1313 801 spiran-

296 817 336 888 di
357 815 615 888 difficultatem
642 813 756 888 fuisse
785 817 900 913 lego:
927 841 1021 914 quas
1039 819 1080 888 in
1106 819 1227 890 Paraei
1244 817 1314 893 ob-

298 935 507 1006 servatione
527 957 605 1004 non
629 933 753 1004 solum
777 933 991 1030 noonvideo
1011 937 1226 1026 nominari,
1255 939 1318 1010 sed

297 1051 451 1124 eredere
479 1050 602 1122 debeo
625 1047 807 1138 abfuisse;
828 1075 912 1122 cum
929 1051 1020 1150 pilo
1028 1053 1238 1151 palmaria
1264 1054 1314 1126 lu·

297 1169 443 1240 dentem
460 1169 634 1240 extremis
659 1167 764 1240 horis
779 1169 922 1256 virum,
942 1169 990 1241 de
1014 1191 1093 1268 quo
1111 1165 1309 1269 loquitur,

297 1285 574 1372 animadverto,
596 1286 701 1382 quod
720 1287 996 1359 exercitationis
1014 1309 1137 1386 genus
1155 1304 1306 1362 utrum-

297 1403 1311 1504 queineommodumexacerbando,noovoluptatean,

297 1520 363 1594 sed
389 1521 597 1592 molestiam
624 1522 819 1593 attulisset.
847 1527 987 1594 Contra
1014 1524 1053 1592 in
1076 1524 1212 1595 eadem
1244 1527 1311 1598 ob-

297 1639 684 1714 servationetnvenio
716 1639 820 1735 quod
843 1661 969 1737 neque
992 1641 1032 1710 in
1062 1639 1215 1714 duabus
1236 1639 1308 1715 illis

296 1756 486 1843 occurrit,
500 1777 623 1852 neque
643 1781 780 1826 avenae
795 1757 896 1829 illius
915 1756 1134 1829 dilatatione
1154 1759 1308 1832 videtete

297 1873 591 1972 expectandum,
610 1889 653 1944 ut
672 1873 802 1944 dolens
824 1873 1017 1962 videlicet,
1035 1890 1073 1945 et
1092 1891 1240 1948 tumens
1256 1879 1308 1949 lo·

296 2015 359 2063 cus
378 2000 541 2062 exterius
557 2006 743 2089 appareat.
763 1991 865 2062 Solet
880 1992 918 2064 id
931 1991 1013 2063 fieri
1023 1991 1070 2064 ab
1084 1993 1232 2065 dilatati
1242 2011 1305 2067 aut

296 2109 443 2197 cordis,
468 2123 532 2179 aut
555 2094 727 2180 arteriosl
749 2111 845 2180 vasis
866 2110 1096 2207 pulsatione3
1116 2126 1253 2209 estque
1270 2116 1306 2184 io

296 2225 370 2298 hoc
384 2227 504 2296 multo
522 2250 635 2322 quam
649 2227 688 2296 io
704 2228 831 2315 venis,
853 2224 1108 2324 frequentius,
1131 2245 1175 2300 ut
1200 2237 1306 2302 [ntea

296 2369 348 2416 na
367 2349 492 2413 tonica
509 2368 617 2414 osseo
634 2344 875 2415 inveniatur:
894 2367 1112 2446 quanquam
1146 2346 1225 2420 hoc
1253 2351 1305 2448 ip-

295 2485 378 2534 sum
397 2461 592 2557 quomodo
611 2463 754 2532 Paraeus
778 2463 934 2534 de-vena
951 2463 1077 2534 dicere
1101 2467 1305 2561 potuisset,

294 2578 505 2650 haud-satis
528 2578 718 2675 intelligo,
738 2575 805 2676 qui
831 2599 967 2651 venam
994 2587 1106 2659 unica
1131 2580 1304 2654 constare

296 2701 444 2782 ωηὶοας
466 2719 564 2782 non,
584 2710 628 2766 ut
656 2698 814 2784 arteria,
832 2697 927 2768 duas
947 2701 1116 2770 obtt'nere
1137 2707 1300 2784 cundoet,

294 2815 490 2910 scripserat
504 2813 569 2908 (3).
589 2813 704 2884 Vides
724 2815 854 2912 igitur,
874 2833 956 2911 quae
973 2816 1012 2884 in
1027 2816 1108 2910 ejus
1121 2815 1302 2887 observa-

293 2932 396 3002 tiot'ie
423 2929 591 3002 haesitare
614 2953 674 3000 me
695 2946 844 3028 cogant.
862 2935 994 3028 Neque
1016 2933 1120 3002 enim¹
1139 2931 1303 3021 faciunt,

291 3063 334 3120 at
353 3051 511 3119 omnino
525 3071 655 3119 venam
674 3050 1102 3146 arceriosanucripsisse
1129 3049 1302 3138 credam3

290 3189 378 3236 nam
400 3167 451 3236 sic
475 3189 630 3262 quoque
654 3163 912 3255 difficultates,
937 3189 1017 3236 aon
1044 3181 1101 3237 tot
1126 3167 1302 3264 quidem,

291 3282 356 3354 sed
371 3298 497 3352 tamen
510 3282 713 3380 aliquotex
725 3281 784 3355 his
797 3305 891 3381 quas
904 3285 1028 3382 tulga,
1047 3301 1299 3382 superessent.

290 3403 351 3470 Me
370 3399 523 3496 quidem
539 3420 619 3470 aon
643 3397 761 3498 fugit,
778 3399 894 3498 hujus
910 3403 1022 3474 etiam
1040 3423 1144 3472 venae
1156 3403 1235 3516 ’0³⁶¹
1250 3419 1303 3476 est

289 3519 431 3588 arteriae
466 3517 725 3613 pulmonem,
753 3518 912 3592 dilatata
941 3519 1113 3618 exempla
1144 3519 1300 3611 haberi,
1403 3517 1404 3520 ¹

301 3821 372 3900 (a)
391 3824 462 3878 Na
479 3831 508 3876 et
521 3821 571 3888 34.

328 3921 371 3998 (a)
392 3921 462 3998 Viti.
475 3921 563 3978 etiam
576 3921 668 3995 Epist.
688 3921 741 3994 64,
752 3943 781 3978 n.
796 3943 824 3994 7.
933 3969 935 3974 .

327 4020 371 4097 (3)
392 4023 484 4098 Oper.
499 4024 520 4079 l.
537 4040 569 4094 a,
585 4040 610 4078 c.
629 4039 674 4077 so.
697 4103 700 4112 Ι
