2816 4668
284 435 355 523 426
456 459 501 505 na
528 455 673 504 sautans
698 455 742 502 ar
767 455 891 504 causts
917 455 1127 508 arunaoanrt

282 572 505 659 extendens,
520 573 581 642 cui
596 587 669 642 tam
683 571 804 644 valide
819 571 1030 644 adhaerebat
1046 589 1111 661 ,ut
1126 574 1295 672 separari

283 693 362 764 sine
383 691 610 762 laceratione
627 715 705 760 non
723 705 872 790 posset3
890 690 960 762 sub
976 691 1161 762 clavicula
1183 695 1295 764 etiarn

283 807 435 880 dextera
463 807 507 878 ad
527 809 673 878 tertiam
710 823 746 879 et
766 823 942 905 quartam
968 823 1110 882 costam
1136 830 1180 882 se
1208 835 1296 908 pro-

282 926 463 1014 ducebat,
479 950 644 1023 quarum'
658 927 876 998 interiorem
893 925 1024 998 faciem
1038 944 1295 1017 excavaverat,

282 1069 532 1143 asperumque
555 1059 591 1115 et
612 1045 834 1140 inaequalem
859 1045 1085 1116 reddiderat.
1118 1048 1295 1144 Denique

281 1163 380 1233 intra
402 1163 650 1260 pericardium
678 1161 937 1261 perveniebat,
956 1163 1019 1234 ubi
1033 1180 1294 1264 perruptum,

282 1283 466 1377 sauguine
492 1299 605 1351 omne
626 1279 739 1377 hujus
766 1307 898 1352 cavum
923 1283 1159 1380 impleverat.
1189 1282 1295 1352 Nulla

281 1393 322 1467 in
340 1379 458 1469 cnrde
473 1399 655 1497 polyposa
674 1401 865 1469 concretio
882 1397 961 1470 ftiit.

331 1515 365 1586 6.
385 1516 456 1586 sed
477 1511 586 1588 etiain
610 1518 688 1588 sine
711 1533 972 1614 aneurysmate
990 1517 1191 1588 interdum
1217 1543 1296 1588 ero·

282 1631 415 1719 ditur,
447 1631 685 1730 effunditque
717 1637 938 1732 sanguinem
966 1635 1102 1705 arteria
1131 1661 1294 1734 magna,

281 1749 387 1848 quod
406 1753 575 1849 proxima
593 1751 787 1848 perbrevis
806 1752 918 1822 ducet
936 1751 1102 1822 historia.

330 1895 363 1966 7.
382 1869 544 1958 Quidam
565 1885 733 1940 extremo
745 1870 873 1965 junia,
893 1895 994 1940 anno
1020 1850 1131 1966 1689,
1152 1871 1298 1967 impro-

280 1989 355 2059 visa
378 2003 500 2058 morte
519 1987 687 2058 sublatus
709 2003 774 2058 est.
798 1987 996 2058 Cadaveris
1013 1987 1169 2059 secandi
1190 1989 1298 2059 venia

281 2129 302 2175 a
331 2106 623 2202 consanguineis
649 2106 710 2174 vix
739 2107 964 2202 impetrata,
992 2129 1129 2204 magna
1160 2107 1296 2176 arteria

280 2223 434 2293 inventa
463 2235 517 2294 eat
544 2239 654 2320 rupta
676 2247 751 2320 qua
773 2225 944 2320 proxima
966 2239 1021 2294 est
1045 2223 1182 2310 cordi,
1201 2223 1298 2321 peri·

281 2338 449 2408 cardium
471 2355 596 2410 autem
617 2340 706 2411 inde
733 2341 889 2441 pienum
911 2342 1075 2411 ¹omnino
1101 2341 1298 2438 sanguinis

283 2456 479 2552 coagulati.
545 2467 548 2474 '
595 2464 598 2476 '

334 2574 365 2642 8.
396 2573 482 2643 Noti
511 2575 641 2644 mirari
667 2574 772 2671 quod
801 2575 847 2646 ad
872 2573 985 2647 hasce
1013 2574 1299 2647 observationes

283 2691 342 2760 vix
360 2691 593 2788 quidquam,
620 2707 683 2762 aut
713 2693 810 2763 nihil
829 2693 1016 2764 adnutem.
1033 2695 1212 2789 Namque
1234 2693 1297 2764 nbi

283 2808 330 2879 de
353 2809 678 2906 aneurysmatibus
697 2811 854 2908 scripsi,
876 2813 962 2882 satis
979 2811 1097 2881 muita
1124 2813 1296 2907 interjeci

190 2961 197 2975 ·
282 2951 364 3026 quar
377 2927 1297 3026 hucconveniant,ethaeobservationespleraque

283 3045 426 3116 habent
448 3072 519 3144 per
539 3071 577 3117 se
597 3047 693 3117 clara
708 3087 722 3132 μ
737 3059 774 3116 et
791 3063 926 3144 ptaeter
944 3046 1030 3136 bas,
1047 3045 1148 3118 bene
1170 3048 1297 3118 multe

283 3163 401 3248 ntihi,
431 3188 500 3233 nec
522 3163 571 3234 ita
593 3164 726 3236 breves
755 3179 864 3252 sunt,
890 3189 983 3262 quas
1002 3165 1060 3236 hit
1079 3165 1294 3261 subjiciam.

284 3281 374 3368 Quae
390 3295 432 3350 ut
446 3281 841 3378 respondeantquoad
860 3283 941 3378 ejus
959 3280 1200 3379 fieri'potest,
1211 3307 1297 3380 pro·
1389 3307 1390 3348 t

285 3397 417 3492 p'os'itis
437 3399 614 3468 Vaisa'lvae
631 3399 978 3489 observationibus,
991 3400 1037 3471 ab
1058 3404 1298 3472 aortae'aneu·

282 3507 513 3610 'rysmaiibus
532 3517 682 3586 initium
704 3519 857 3615 capiam.

335 3658 369 3730 9.
389 3632 455 3704 Vn
474 3630 564 3702 ludo
584 3634 665 3729 pilae
685 3635 837 3732 lignem,
856 3649 896 3706 et
915 3623 1011 3706 meri
1030 3634 1166 3706 abusui
1185 3636 1296 3704 nimis

284 3749 458 3838 deditus,
487 3775 532 3820 ex
555 3733 719 3848 utroque
739 3756 777 3822 in
801 3753 972 3824 dolorem
991 3754 1124 3824 incidit
1148 3751 1294 3826 brachii

281 3847 452 3954 dexteri,
469 3893 558 3938 mox
575 3885 612 3939 et
626 3871 783 3958 sinistri,
802 3895 887 3942 curn
904 3869 1009 3942 febre
1031 3871 1290 3966 conjunctum.

283 3983 470 4078 'Apparuit
499 3985 636 4057 deinde
672 3986 719 4057 ad
749 3991 865 4060 sterni
895 4011 1111 4088 supremam
1146 4001 1287 4085 partem
