2816 4668
156 463 224 514 ma.
252 461 292 510 11.
321 461 368 508 na
394 457 530 508 nonars
554 453 752 522 raoaacrs,
777 457 890 508 arisr.
911 461 1008 510 xxvr.
1036 444 1109 540 4²9

105 579 280 678 capiant:
300 573 462 664 deinde,
481 575 512 646 si
531 589 596 646 aut
612 573 847 646 medentium
864 563 1028 668 inscitia,
1046 593 1112 653 aut

102 703 192 800 oegri
216 697 505 786 inobedientia,
532 709 597 768 aut
612 697 731 794 ipsius
760 696 885 768 morbi
909 700 946 769 vi
962 713 1111 772 tantum

103 819 283 916 capiant,
321 830 364 887 ut
401 813 668 888 communibus
703 813 826 886 solum
867 831 1113 913 protegantur

101 939 222 1011 totius
241 935 412 1033 corporis
421 931 710 1031 integumentis,
722 945 803 1002 tum
816 932 1025 1005 cavendum
1033 957 1114 1007 esse

100 1059 154 1126 rie
175 1053 340 1152 splenia,
359 1051 438 1147 jam
462 1051 596 1123 siccata
617 1049 849 1146 praesertim,
872 1051 1025 1148 autique
1046 1050 1113 1122 ad-

101 1171 300 1258 haerenti‘a,
317 1186 458 1242 temere
478 1166 686 1240 avellantur
704 1193 712 1236 :
732 1165 920 1264 denique,
938 1169 970 1239 si
987 1193 1047 1240 res
1057 1193 1109 1246 ‚eo

101 1289 338 1390 pervenerit,
356 1301 399 1358 ut
414 1286 495 1382 jam
517 1285 645 1382 ruptio
660 1283 755 1357 cutis
774 1285 988 1374 immineat,
1007 1310 1111 1358 venae

103 1421 231 1478 autem
247 1405 383 1492 sectio,
400 1417 465 1474 aut
479 1399 529 1474 ob
550 1402 639 1500 aegri
656 1403 965 1474 constitutionem
981 1458 991 1492 ,
1007 1402 1112 1474 infir-

102 1527 367 1621 mitatemque,
384 1535 449 1592 aut
461 1518 512 1592 ob
532 1518 603 1588 alia
619 1543 700 1615 quae
715 1518 805 1591 alias
821 1517 875 1616 (1)
903 1522 1112 1618 attigimus,

103 1655 276 1740 suspecta
294 1640 365 1728 sit,
384 1634 666 1735 precogitanda
681 1657 760 1705 esse
778 1635 927 1720 omnia,
946 1659 1015 1732 per
1024 1663 1115 1734 ‚quae

103 1761 185 1834 dies
199 1760 331 1832 saltem
346 1755 490 1852 aliquot
502 1757 576 1823 vita
589 1749 845 1849 protrahatur.
860 1750 1007 1822 Scilicet
1020 1776 1115 1849 prae·

103 1895 164 1953 ter
178 1898 364 1952 summam
382 1870 509 1971 quoad
528 1869 609 1965 ejus
620 1865 703 1940 fieri
724 1869 865 1965 possit,
892 1870 1063 1966 corporis
1079 1885 1117 1944 et

103 1999 221 2070 animi
233 1996 411 2092 quietem,
432 2011 695 2084 summamque
707 1984 995 2074 abstinentiam,
1009 2001 1052 2058 ut
1065 2011 1115 2060 ne

104 2116 192 2215 plus
206 2135 321 2211 quam
337 2109 419 2180 vitae
439 2104 630 2179 servanda·
645 2105 732 2176 satis
748 2106 810 2193 sit,
828 2103 945 2201 idque
962 2107 1116 2202 partite,

106 2247 205 2305 etex
221 2228 376 2300 minime
391 2223 554 2297 actuosis
586 2220 807 2294 exhibeatur
824 2275 833 2308 ‚
855 2236 992 2319 praeter
1023 2247 1112 2294 eum

107 2347 279 2446 corporis
297 2345 409 2417 situm
425 2365 502 2440 quo
520 2340 710 2439 sanguinis
723 2338 874 2438 pondus
884 2353 1115 2412 attenuatam

106 2481 231 2538 cutem
249 2487 329 2535 non
341 2472 493 2558 urgeat,
510 2473 547 2530 et
565 2457 635 2529 alia
652 2455 948 2553 ejusdemmodi,
966 2458 1116 2556 excogi-

103 2582 262 2656 tandum
286 2595 342 2652 est
361 2575 517 2675 aliquod
534 2599 554 2646 a
572 2574 759 2672 chirurgis
784 2573 947 2672 praesidii
974 2595 1114 2673 genus,

102 2715 148 2773 ut
167 2715 258 2798 puta
279 2699 311 2770 si
339 2693 703 2802 quadruplicatum,
722 2717 768 2764 ex
796 2694 919 2765 vesica
948 2691 1113 2782 bubula,
1143 2729 1149 2743 =

103 2834 169 2891 aut
193 2843 239 2889 ex
267 2814 373 2886 molli
396 2812 497 2884 aluta
524 2810 713 2909 splenium
734 2809 1021 2906 imponeretur,
1050 2834 1116 2880 cu·

100 2939 164 3035 jus
183 2934 318 3034 splenii
346 2955 421 3002 orae
439 2951 573 3001 omnes
590 2952 659 3027 per
675 2925 995 2998 medicamentum
1011 2926 1117 3022 quod

103 3053 354 3129 valentissime
388 3046 427 3121 id
455 3061 615 3145 posset,
644 3043 692 3115 ad
721 3042 931 3140 proximam
973 3055 1118 3136 cutem,

107 3197 190 3271 quae
219 3171 362 3240 circum
390 3182 580 3238 tumorem
606 3161 732 3232 adhuc
763 3161 909 3256 integra
947 3174 985 3230 et
1008 3157 1119 3237 firma

107 3302 221 3376 esset,
243 3285 562 3384 agglitinarentur.
597 3278 668 3351 Sed
687 3293 731 3348 tu
752 3276 830 3348 haec
851 3275 1006 3366 melius;
1036 3279 1119 3376 ipse

107 3406 211 3479 enim
242 3400 416 3475 servandi
437 3400 496 3471 vel
522 3397 569 3469 ad
603 3419 719 3466 unam
750 3393 924 3468 horulam
955 3392 1120 3470 hominis

108 3521 234 3596 studio
253 3520 452 3618 abreptus,
479 3514 633 3588 fortasse
650 3513 805 3610 ineptio.
827 3511 969 3584 Fascias
990 3528 1118 3584 autem

107 3654 229 3713 arctas
249 3652 287 3710 ct
304 3638 461 3708 laminas
475 3658 495 3705 e
507 3633 622 3704 latere
639 3629 805 3732 firmatas
817 3627 920 3700 haud
931 3653 1118 3725 memoro,

106 3841 1115 3874 w

151 4012 196 4090 (a)
216 4011 310 4089 Epist.
329 4030 381 4083 17,
397 4027 427 4064 n.
442 4005 477 4062 31
492 4013 521 4061 et
535 4019 597 4078 seq.
