2816 4668
350 167 362 208 l

148 457 217 504 1111.
244 453 284 502 tr.
312 455 359 502 nr
384 445 521 538 ’1111111115
545 455 741 520 1110111515,
765 455 877 508 11151.
906 461 1003 508 xxvi.
1032 444 1104 538 449

68 632 71 640 ⁴
98 593 178 667 que
200 593 279 642 esse
302 569 495 640 dilatatam
525 571 593 658 sic,
614 585 656 640 ut
673 571 849 662 carotidis
874 573 1032 646 latitudo
1056 575 1103 648 ab

100 688 211 758 initio
227 712 347 784 usque
364 687 411 758 ad
424 685 647 758 divisionem
661 686 799 786 duplo,
812 715 932 788 eoque
945 695 1106 791 amplius

99 819 199 876 esset
218 806 339 900 major
351 827 462 901 quam
477 819 688 902 oporteret,
701 805 890 878 wsubclavia
911 825 1035 882 autem
1060 810 1108 882 ad

103 921 218 1008 trium
232 921 436 1020 digitorum
452 935 613 992 tractum
624 946 704 992 non
715 947 753 994 se
766 924 1107 1026 quidem‘undique

104 1037 361 1137 expandebat,
382 1037 447 1135 sed
470 1039 718 1137 posteriorem
740 1039 920 1114 duntaxat
941 1059 977 1117 et
996 1069 1106 1142 supe·
1215 1053 1218 1059 “

104 1156 243 1228 riorem
254 1157 435 1253 parietem
447 1157 487 1226 in
500 1156 723 1253 prominens
738 1149 960 1255 aneurysina
973 1185 1107 1232 curva-

104 1271 189 1359 bat,
206 1297 283 1368 quo
301 1273 405 1344 nulla
422 1297 578 1370 prorsus
596 1299 637 1344 re
652 1274 869 1370 interjecta,
889 1276 966 1348 duo
985 1294 1106 1350 tresve

104 1391 212 1462 nervi
229 1389 500 1488 premebantur
511 1417 556 1464 ex
574 1393 621 1462 iis
635 1393 704 1488 qui
726 1417 746 1462 a
763 1393 974 1466 cervicibus
990 1397 1030 1466 in
1050 1421 1107 1466 ar-

64 1581 66 1588 ,
101 1508 691 1604 tumcontenduntsuperiorem.
706 1513 816 1580 Exeo
834 1511 1107 1608 aneurysmate,
1142 1550 1145 1558 ·

105 1625 210 1724 quod
221 1651 347 1696 meum
357 1625 517 1722 digitum
535 1625 713 1721 pollicem
731 1629 954 1722 excepisset,
966 1631 1107 1714 arteriae

104 1742 310 1843 prodibant
330 1742 432 1830 duae,
450 1767 534 1839 quae
552 1739 677 1812 latiori
701 1765 814 1838 quam
841 1768 988 1839 aequum
1013 1759 1109 1816 esset

104 1862 232 1946 initio,
252 1861 339 1932 c'oni
354 1861 483 1947 instar,
502 1881 579 1954 quo
594 1860 710 1956 magis
726 1859 953 1956 pergebant,
966 1885 1011 1931 eo
1029 1885 1108 1930 ma-

104 1980 163 2078 gis
180 2001 182 2009 ’
199 1976 520 2050 contrahebantur
536 1973 697 2064 ‚donec
728 1975 962 2074 sesquidigiti
988 1979 1107 2075 spatio

106 2119 282 2183 emenso,
297 2093 344 2164 ad
363 2092 572 2164 naturalem
586 2091 847 2189 redigerentur
857 2092 1025 2164 modum.
1040 2101 1108 2178 Ha·

106 2235 193 2282 rum
219 2237 296 2282 una
321 2210 368 2283 ad
385 2208 607 2308 tyroidaeam
633 2208 847 2307 glandulam
876 2211 1108 2308 pertinebat,

109 2329 344 2425 maguamin
363 2327 435 2400 hac
447 2324 601 2416 femina,
617 2341 654 2398 et
668 2327 862 2398 nonnullis
874 2329 913 2399 in
929 2329 1021 2401 locis
1038 2329 1108 2401 du·‘
1134 2414 1137 2422 ,

107 2424 200 2516 ram.
219 2445 308 2533 Quae
326 2444 709 2542 postquam-exterius
730 2459 999 2541 spectarem,
1021 2471 1107 2518 vasa

106 2560 186 2633 haec
207 2561 351 2650 omnia,
370 2563 448 2631 imo
465 2585 546 2632 eam
563 2585 718 2658 quoque
731 2575 842 2634 aortae
857 2577 1000 2660 partem
1023 2590 1106 2660 quae
1170 2543 1171 2548 ¹

104 2681 288 2752 inventre
302 2676 439 2767 fuerat,
455 2677 662 2752 secundum
673 2679 948 2777 longitudinem
956 2684 1106 2778 aperire

104 2797 221 2895 coepi,
234 2795 282 2872 ab
295 2797 409 2868 iliacis
425 2797 574 2868 initium
593 2792 742 2868 faciens.
763 2795 820 2866 Ab
838 2796 896 2867 1115
918 2797 965 2867 ad
986 2799 1107 2868 emul-
1177 2841 1180 2846 -

107 2933 237 3017 gentes
263 2943 382 3014 usque
405 2916 500 2988 nihil
523 2942 602 2986 non
631 2940 764 2988 sanum
785 2916 1047 3001 animadverti,
1065 2907 1108 2992 ¹si
1145 2927 1146 2930 ’

106 3036 272 3128 maculas
298 3033 473 3108 subalbas
499 3035 658 3129 excipias
684 3057 768 3129 quae
787 3032 931 3130 aliquot
949 3035 989 3102 in
1011 3034 1107 3106 ‘locis

108 3169 232 3242 erant,
245 3167 282 3224 et
296 3153 448 3248 exiguos
465 3150 647 3236 sulculos,
659 3150 724 3245 qui
739 3149 778 3218 in
792 3149 1042 3248 paucioribus.
1061 3156 1109 3225 At

105 3293 224 3366 supra·
239 3270 471 3365 emulgentes
489 3279 532 3338 ut
552 3265 717 3338 dilatatio
733 3267 860 3337 trunci
882 3267 1106 3366 incipiebat,

107 3387 160 3458 sic
179 3385 267 3456 inde
281 3384 328 3456 ad
349 3408 415 3456 cor
431 3408 549 3480 usque
565 3383 706 3454 arteriae
728 3384 888 3480 parietes
908 3389 1107 3461 crassiores

107 3516 215 3574 erant
231 3501 351 3574 multo
378 3524 490 3598 quam
514 3499 681 3588 soleant,
707 3516 935 3572 nontamen
963 3503 1106 3602 ubique

105 3621 266 3718 pariter,
282 3621 448 3714 itemque
477 3616 649 3690 duriores
673 3632 712 3690 et
739 3617 959 3716 rigidiores3
988 3645 1107 3717 quan·

106 3760 223 3835 quam
245 3735 339 3808 nihil
367 3735 463 3806 ossei
489 3759 648 3830 usquam
670 3736 827 3823 inveni,
848 3737 986 3832 passim
1016 3759 1106 3807 vero

106 3853 283 3932 subalbas
300 3852 478 3937 maculas,
503 3853 639 3949 passim
665 3876 744 3922 non
769 3851 869 3922 leves
895 3852 1020 3923 sulcos
1047 3877 1108 3949 pa·

107 3970 259 4046 rallelos
280 3972 320 4041 in
344 3968 621 4068 longitudinem
638 3967 792 4060 ductos,
812 3993 857 4040 eo
874 3971 992 4066 magis
1009 3993 1110 4068 spec·

181 4088 213 4162 3.
899 4111 961 4185 ,²9
