2816 4668
184 461 252 507 ma.
280 459 320 506 11.
348 458 395 504 aa:
421 453 557 506 naama
583 453 781 516 anaticis,
807 452 919 507 aetsa.
945 455 1028 498 axv.
1050 435 1128 528 ..419

123 576 350 670 lanuginoso
377 592 509 668 panna
536 573 690 638 omuino
720 563 849 644 similis
865 619 877 652 ,,
896 582 966 636 aut
989 573 1130 642 intimae

118 695 383 764 ruminantium
400 684 621 758 animalium
649 682 840 754 ventriculi
868 691 1004 758 tunicae
1020 710 1130 782 appa-

119 823 222 880 reret
234 812 343 903 quasi
356 827 510 876 corrosa
528 801 580 873 oh
592 801 881 890 concretiones,
896 803 1005 874 villos
1026 829 1131 874 men·

120 927 274 1009 tientes,
295 949 315 994 a
336 947 419 994 sero
435 920 624 1018 depositas
641 944 717 1015 qno
739 919 994 1015 pericardium
1022 920 1129 995 valde

118 1041 290 1120 tumebat
308 1095 318 1128 ‚
334 1065 382 1112 au
400 1036 668 1138 proculdubio
691 1039 740 1111 ab
762 1036 930 1132 ejusdem
951 1045 1025 1109 seri
1042 1045 1134 1112 acri-

120 1163 252 1242 monia
264 1182 394 1240 revera
404 1171 502 1232 esset
511 1179 601 1240 aum
614 1161 755 1244 eutiuaa
769 1154 891 1226 cordis
906 1157 1131 1244 substantia,

119 1292 166 1352 ut
182 1277 220 1350 in
237 1273 386 1360 acholio
411 1274 570 1357 dicitur,
602 1275 759 1347 omnino
779 1297 957 1362 corrosa,
980 1275 1018 1344 in
1046 1299 1129 1358 ¹tne-

119 1393 183 1466 dio
198 1393 395 1489 relinquo,
416 1395 513 1465 sicut
530 1393 570 1460 in
583 1391 846 1464 observatione
864 1417 1018 1488 quoque
1037 1397 1131 1466 Lau·

117 1509 196 1608 biit
204 1511 257 1606 ι),
284 1535 333 1582 an
346 1535 477 1583 revera
497 1508 621 1580 cordis
636 1506 747 1588 facies
771 1533 878 1586 exesa
895 1505 1026 1580 fuerit:
1049 1525 1085 1582 et
1102 1511 1133 1602 ¹si

116 1631 220 1701 enim
243 1626 496 1725 pericardium
531 1625 632 1695 ultra
673 1623 808 1724 libram
829 1631 1022 1718 sauguinis
1056 1634 1132 1710 atri

118 1749 355 1842 congruumti
366 1741 603 1829 continebat3
618 1741 680 1812 hic
699 1755 824 1822 tamen
841 1740 995 1818 aliunde
1010 1761 1129 1837 quam

120 1891 144 1936 a
171 1863 298 1936 cordis
326 1860 418 1932 facie
450 1859 655 1932 desultasse
686 1872 869 1956 poterat,
899 1875 937 1928 et
968 1858 1134 1946 Laubius

119 1985 220 2078 ipse,
229 1979 413 2053 haesitanti
422 1978 571 2065 similis,
583 2001 662 2058 rem
677 1978 728 2058 ita
741 1978 939 2073 proponit:
952 1979 1134 2074 sanguine

120 2099 189 2170 ilio
228 2121 300 2194 ope
334 2100 496 2195 spongia
530 2096 725 2182 abstersa,
762 2095 884 2176 aaran
920 2096 1133 2180 substantia

122 2213 285 2284 lamellis
305 2218 416 2310 quusi
434 2215 556 2298 obsita
580 2227 618 2290 at
635 2237 748 2286 exesa
768 2211 885 2294 oculis
909 2237 947 2294 sa
963 2215 1128 2288 sistebat.

123 2334 266 2403 Verum
292 2331 323 2402 si
345 2353 477 2427 reapse
508 2328 634 2414 cordis
666 2329 874 2418 substantia
904 2331 1131 2428 inutraque

121 2437 386 2520 observatione
414 2471 567 2528 corrosa
604 2461 641 2521 et
676 2451 783 2520 exesa
809 2445 906 2538 fuit3
949 2447 1127 2540 dubitans

119 2566 222 2638 enim
243 2579 444 2662 utramque
462 2567 635 2663 superius
652 2568 836 2662 praterii3
854 2567 1131 2654 animadvertas

116 2681 386 2770 aelim‚,inter
415 2669 462 2754 ea
493 2707 576 2779 quae
610 2700 832 2780 aegrotantes
866 2684 1128 2780 patiebantur,

118 2799 269 2873 nullum
294 2801 341 2870 de
364 2800 543 2898 pulsuum
575 2803 876 2888 intermissione,
906 2801 1055 2882 nullutn
1082 2801 1130 2878 de

119 2918 238 2989 animi
259 2915 470 2997 defectione
492 2917 652 2993 verbum
670 2919 752 3014 legi.
778 2922 947 3006 Quarum
971 2942 1057 2998 aum
1073 2931 1130 2988 tot

119 3033 288 3108 historiis
318 3059 413 3132 saepe
432 3051 583 3124 neutra,
609 3059 806 3132 nunquam
826 3050 1011 3128 utraque,
1027 3029 1130 3106 haud

118 3176 208 3225 raro
229 3153 408 3238 alterutra
422 3153 604 3227 duntaxat
618 3152 734 3226 fuerit
746 3179 755 3240 5
767 3149 863 3248 quid
878 3152 917 3225 in
935 3154 1129 3250 proposita

121 3271 328 3360 quaestione
347 3269 401 3366 (a)
418 3271 707 3341 existimandum
731 3272 795 3355 sit,
813 3293 882 3366 per
901 3285 935 3340 te
954 3270 1067 3342 vides.

174 3384 1127 3484 25.Qu0dsiiiiapertiscordisabscessibus‚etulce·

120 3501 248 3588 ribus,
271 3528 330 3574 res
345 3506 395 3574 ita
414 3529 452 3576 se
470 3503 609 3590 habet3
629 3530 719 3574 num
738 3502 833 3588 forte
854 3504 961 3574 aliter
978 3507 1016 3578 in
1038 3530 1129 3578 con·

121 3620 282 3693 clusisse
293 3619 471 3693 habebit?
486 3613 856 3718 Qaidpraecessisset,
868 3646 955 3693 cum
969 3638 1130 3692 tumores

165 3901 208 3969 (1N
230 3905 306 3976 Eph.
320 3905 357 3958 N.
375 3906 409 3959 C.
426 3913 503 3959 cent.
519 3922 554 3976 9,
569 3902 633 3968 obs.
652 3903 697 3960 15.

166 4000 211 4078 (a)
231 4005 268 4059 N.
289 4023 324 4077 19
340 4003 438 4060 infin.
