2816 4668
165 461 1135 568 mmmmmmmmfflmmm&

116 610 181 679 cui
196 608 327 679 tubam
346 619 548 680 connatam
576 603 688 677 luisse
706 604 799 694 dixi,
832 606 1013 679 vesiculas
1036 631 1123 678 con-

118 725 263 796 tinebat
280 725 408 824 plures
424 739 462 797 et
479 725 652 820 majores.
666 725 710 793 Et
724 723 811 793 cuin
823 724 1124 821 utrumque'sub·

120 843 348 932 rotundius,
367 843 478 930 laeve,
497 863 718 928 succosum,
746 853 783 912 et
799 841 992 938 turgidum
1009 857 1125 930 esset,

120 959 242 1054 majus
261 959 454 1056 aliquanto
477 972 556 1030 erat
579 957 758 1045 alterum,
778 957 883 1054 quod
909 973 1043 1058 praeter
1061 984 1125 1030 ve-

122 1078 257 1150 siculas
277 1076 570 1172 ejusdemmodi,
598 1073 761 1147 habebat
779 1075 826 1146 ab
850 1083 1040 1174 unapar'te
1056 1077 1126 1150 sub
1205 1135 1207 1148 ,
1235 1071 1248 1092 ⁰

121 1195 201 1291 ipsa
233 1193 459 1264 'membrana
490 1195 648 1290 ‘nigrum
681 1193 903 1290 sanguinem
936 1207 972 1264 et
1012 1193 1128 1266 ferme

123 1325 375 1401 concretum,
404 1336 475 1383 nec
508 1333 579 1408 pro
608 1311 726 1380 ovarii
762 1310 861 1384 mole
876 1335 1051 1408 paucum.
1085 1315 1130 1381 In

122 1441 232 1499 utero
262 1426 427 1525 denique
458 1426 554 1497 nihil
581 1425 651 1498 fuit
678 1425 922 1498 adnotatione
943 1426 1129 1525 dignum,

122 1547 198 1618 nisi
218 1545 323 1643 quod
341 1546 422 1641 ejus
441 1546 601 1615 interior
618 1545 798 1615 duntaxat
820 1543 930 1616 facies
952 1571 997 1615 ex
1016 1543 1130 1618 'lusco

122 1663 289 1735 rubebat
309 1675 385 1733 tota
400 1660 447 1731 ad
465 1662 637 1731 internos
656 1683 776 1756 usque
794 1659 914 1730 osc'uli
932 1658 1036 1732 fines.
1050 1667 1131 1734 Hoc

123 1795 324 1877 angustum
339 1793 418 1851 erat
431 1804 440 1867 3
458 1776 524 1849 sed
539 1776 627 1848 albo
645 1774 811 1874 quodam
823 1801 867 1850 ac
883 1777 1130 1850 crassiusculo

123 1896 287 1968 humore
312 1893 478 1982 foedum,
504 1895 680 1990 quicum
711 1892 900 1964 dissimilis
926 1908 1022 1964 esset
1049 1909 1130 1964 tu'm

123 2014 245 2088 virilis
258 2013 430 2099 seminis,
455 2026 535 2082 tum
553 2012 633 2108 ejus
647 2011 749 2082 muci
767 2009 906 2108 quiibi
922 1997 1131 2083 secundum

125 2145 301 2202 naturam
331 2127 567 2226 deprehendi
593 2128 706 2215 solet,
733 2128 987 2226 suspicionem
1004 2129 1135 2224 injecit

128 2245 266 2320 fluoris
284 2247 468 2342 alicujus,
488 2270 564 2344 quo
583 2245 662 2317 haec
678 2243 815 2317 femina
834 2245 1048 2318 laborasset.

182 2369 235 2450 14.
249 2365 324 2453 Qui
343 2365 455 2435 maris
469 2387 597 2434 semen
610 2364 734 2461 ipsum
750 2362 986 2435 contendunt
999 2365 1038 2434 in
1054 2389 1134 2436 mu-

126 2482 227 2554 lieris
240 2475 593 2578 tubas'pervenire,
610 2479 856 2552 similitudine
871 2480 1034 2580 abrepti,
1051 2509 1131 2580 quae

125 2624 206 2670 non
219 2601 326 2670 bonis
340 2613 485 2668 tantum
496 2597 666 2686 medicis,
679 2613 722 2669 ut
740 2599 791 2670 ait
805 2599 1051 2698 Hippocrates
1061 2599 1080 2698 (
1085 2602 1132 2697 1),

126 2715 193 2788 sed
219 2731 256 2787 et
281 2716 502 2787 anatomicis
519 2714 710 2787 interdum
735 2717 916 2813 imponit,
938 2743 1017 2787 non
1039 2717 1133 2789 illud

126 2848 248 2904 totum
276 2833 552 2904 existimassent
570 2858 590 2902 e
606 2832 758 2930 genitali
774 2831 888 2927 hujus
905 2835 1133 2904 mulierculae

128 2949 337 3024 defluxisse.
352 2948 447 3020 Mihi
459 2973 570 3036 vero,
590 2951 649 3020 cui
658 2949 813 3019 minime
830 2951 1068 3047 propositum
1080 2965 1136 3024 est

128 3067 235 3166 quod
251 3068 388 3139 summi
405 3067 608 3136 anatomici
629 3065 833 3162 aliquando
854 3089 891 3136 se
906 3064 1041 3138 vidisse
1061 3083 1135 3140 tes·

126 3200 277 3273 tantur,
304 3184 368 3256 sed
388 3183 491 3281 quod
509 3183 642 3280 saepius
661 3181 816 3280 quidam
836 3181 898 3252 alii
924 3207 966 3254 ac
991 3181 1135 3262 facilius

129 3317 315 3390 statuunt,
338 3292 565 3372 indubium
589 3323 748 3387 vocare,
770 3299 857 3371 satis
872 3315 927 3372 est
948 3325 1030 3398 quae
1054 3305 1135 3402 ipse

129 3421 470 3504 animadverterim,
481 3405 855 3491 retulisse.'caetemm
869 3443 999 3491 eorum
1011 3424 1078 3520 qui
1096 3425 1136 3496 in
1244 3447 1245 3450 ’

128 3561 268 3609 venere
288 3536 493 3633 improviso
514 3551 600 3606 sunt
616 3538 777 3626 mortui,
797 3561 882 3606 cum
900 3541 1070 3610 Donatus
1080 3539 1135 3638 (a)

130 3655 251 3727 multa
282 3651 455 3751 exempla
489 3653 708 3751 collegerit,
740 3679 819 3724 non
848 3656 975 3746 omnia
1009 3671 1137 3727 tamen

172 3936 217 4016 (ι)
238 3938 372 4013 Epidem.
387 3939 407 3994 l.
420 3938 453 4008 6,
471 3955 547 3994 vers.
565 3935 617 3992 fin.

175 4037 220 4117 (a)
241 4038 286 4094 De
297 4039 374 4098 med.
389 4039 459 4096 hist.
473 4037 579 4096 mirab.
592 4039 612 4094 l.
629 4045 662 4109 4,
679 4057 705 4094 c.
724 4057 769 4110 17.
