2800 4674
188 413 259 459 mn.
287 411 326 460 11.
354 380 920 474 usaions1sruonacis,nr1sr.
948 415 1020 461 xxi.
1053 417 1120 492 119

115 523 313 611 nitudine,
327 538 370 596 ut
380 524 560 596 universe
577 522 737 618 creditaen
751 525 825 595 sint
848 547 982 623 aquam
1003 534 1120 602 eonti-

115 668 204 714 nere
217 641 267 714 ad
279 643 409 716 uncias
420 656 591 739 quatuor.
614 641 983 734 Haec'eratsubllava3
1002 645 1120 743 hyda.

115 759 238 833 tidum
257 774 381 835 autem
393 758 624 856 singularum
640 759 768 830 tunica
785 757 942 856 duplex,
958 785 1120 858 quarum

115 878 247 952 intima
266 877 436 965 tenuior,
455 875 615 948 vasculis
633 890 712 946 erat
730 877 912 948 instructa
934 876 1121 952 albescen-

117 992 244 1082 tibus,
264 1009 305 1068 ut
321 1009 412 1066 tunc
425 993 666 1092 apparebant.
686 992 876 1065 Tubarum
894 997 1120 1092 utraque'in-

112 1125 169 1184 ter
185 1110 385 1208 hydatides
408 1111 510 1200 illas,
529 1125 566 1204 et
584 1109 764 1208 deinceps
782 1111 981 1210 impervia,
998 1132 1119 1212 prope

113 1244 266 1302 uterum
285 1243 411 1302 autem
430 1229 594 1336 crassior
613 1225 730 1316 faeta,
749 1243 786 1300 et
804 1247 883 1298 non¹
901 1228 1015 1299 niodo
1032 1252 1120 1328 per*

112 1347 187 1435 via,
204 1347 273 1420 sed
290 1346 440 1418 dilatata
452 1371 463 1436 ;
476 1345 611 1444 ibique
627 1347 775 1418 sinistra
792 1346 903 1444 plena
920 1362 998 1418 erat
1019 1349 1120 1420 muci
1216 1434 1219 1442 f

112 1462 230 1538 ferme
243 1463 401 1562 limpidi.
418 1463 490 1537 Sed
503 1466 542 1536 in
557 1465 664 1552 uteri¹
675 1465 827 1535 interna·
848 1465 1014 1553 cervice,
1035 1488 1119 1563 qun
1198 1503 1200 1510 v

112 1578 176 1654 bie
189 1597 271 1654 erat
286 1582 494 1680 praelonga,
512 1603 645 1654 mucus
663 1579 735 1653 fuit
752 1605 797 1652 ex
815 1595 897 1653 atro
915 1581 1054 1671 flavus,
1070 1598 1121 1656 te*

111 1700 344 1774 densissimus.
364 1699 492 1805 Oseilli
515 1715 639 1770 autem
658 1700 799 1772 uteriui
820 1723 960 1771 corona
979 1724 1063 1797 quae
1078 1702 1118 1771 in

110 1818 478 1915 vaginaprominet,
497 1839 539 1886 ac
559 1817 693 1912 vagina
712 1824 791 1912 ipsa
807 1815 924 1886 oblita
944 1831 1023 1886 erat
1040 1831 1119 1888 tota

110 1934 277 2031 quadam
302 1932 427 2004 albida
450 1932 622 2020 materia,
646 1933 752 2028 quasi
769 1932 905 2004 mulier
929 1933 990 2029 (id
1014 1933 1119 2030 quod

89 2059 92 2066 '
108 2073 183 2149 pro
197 2063 302 2123 corto
322 2050 409 2121 sciri
423 2071 502 2120 non
516 2046 676 2146 potuit),
693 2047 810 2122 fluore
832 2049 998 2148 quodam
1018 2049 1119 2122 labo'-

108 2183 230 2255 raret,
248 2190 370 2266 eoque
400 2167 583 2265 originem
608 2165 709 2238 baud
734 2167 905 2239 altiorem
927 2166 1116 2258 habente:

109 2285 217 2382 quod
240 2285 343 2356 muci-
362 2284 468 2356 color
488 2283 629 2354 indieat
648 2283 760 2382 louge
780 2284 872 2356 alius
888 2286 927 2356 in
950 2285 1115 2376 cervice,

109 2402 281 2501 tubaque
292 2403 511 2500 descriptus.
524 2403 624 2472 Scire
637 2403 748 2473 etiam
760 2399 896 2474 frustra
906 2403 1114 2502 cupiebam,

110 2520 300 2618 numquid
328 2519 465 2590 mulier
490 2533 621 2616 questa
647 2535 742 2591 esset
765 2518 812 2590 de
836 2501 1019 2592 mammis.¹
1043 2525 1115 2593 Has

112 2640 215 2710 euim
241 2663 327 2709 euru
348 2651 450 2710 extra
471 2619 649 2733 intusque
675 2651 880 2724 scrutarer,
905 2637 1021 2710 ethic
1040 2637 1114 2710 illic

110 2753 284 2826 duriores
298 2779 410 2852 quam
425 2776 576 2852 aequum
588 2753 796 2844 videretur,
814 2755 853 2824 in
866 2756 1013 2852 rugosis
1023 2779 1115 2853 prae-

111 2873 238 2944 sertim
266 2893 309 2944 aa
328 2870 613 2969 procidentibus
632 2871 986 2959 animadverterem
1017 2895 1116 2942 com-

111 2989 311 3084 primendo
331 3013 456 3061 serum
470 2989 653 3086 expressi,
673 2988 777 3086 quod
791 3013 835 3059 ex
850 2987 1043 3059 nonnullis
1053 3013 1115 3087 pa-

112 3107 288 3202 pillarum
313 3105 546 3180 soraminulis
563 3105 776 3194 turbidum,
794 3122 831 3177 et
853 3107 980 3176 colore
994 3104 1116 3178 diluto

112 3225 288 3318 quidem,
304 3225 375 3297 sed
385 3223 529 3294 adeum
544 3248 657 3320 quem
676 3225 821 3292 tabacci
836 3223 1012 3312 dicimus,
1029 3248 1114 3321 pro-

111 3341 209 3412 uinio
228 3341 448 3426 accedente3
468 3365 513 3411 ex
540 3340 620 3411 aliis
643 3355 767 3410 autem
789 3339 966 3438 prodibat
985 3342 1113 3413 colore

114 3459 271 3528 omnino
289 3485 334 3529 ex
348 3457 458 3528 viridi
471 3459 689 3555 nigricante.
702 3457 803 3547 Quin
817 3483 861 3528 ex
880 3458 996 3529 incisa
1016 3443 1116 3555 glan-

114 3571 246 3646 dulosa
278 3599 529 3646 mammarum
564 3571 770 3644 substantia
801 3599 926 3645 serum
962 3575 1115 3646 aliunde

115 3691 335 3790 erumpebat
348 3689 490 3777 viride,
511 3688 662 3760 aliunde
678 3704 801 3762 autem
821 3705 967 3762 atrum:
988 3705 1114 3760 tamen

115 3828 158 3876 eo
182 3833 266 3881 sero
286 3809 468 3896 abstersO,
488 3805 691 3879 substantia
711 3807 773 3879 illa
788 3808 993 3907 apparebat
1012 3807 1114 3896 alba,

115 3927 274 4023 satisque
286 3949 384 3998 sana.
395 3925 586 4030 Denique,
599 3948 684 3996 cum
694 3949 831 4022 aquam
843 3926 883 3996 in
898 3924 1013 4024 spinae
1021 3924 1115 4000 tubo
