2850 4668
229 445 298 495 tta.
326 445 366 494 11.
395 447 441 494 uu
464 443 602 494 nouus
630 431 1060 512 uuonsc1s,nmsu.xx1.
1114 425 1167 524 37

156 573 213 632 est
229 559 334 656 quod
352 559 392 629 in
408 557 506 630 libro
528 558 708 641 deveteri
722 559 905 630 medicina
923 560 977 657 (ι)
997 561 1048 634 sic
1068 563 1168 660 legi·

155 689 242 746 tur:
264 699 378 773 quum
391 675 522 773 pulmo
538 681 697 774 suscepit
714 681 842 774 ipsein
858 683 1017 775 seipsum
1028 677 1172 750 humo*

155 817 252 880 rem,
269 809 454 881 etvacua,
472 807 510 864 et
524 817 637 881 rara,
654 818 700 864 ac
708 799 989 893 parvapenitus
1006 786 1164 892 explen-

161 924 224 980 tur
234 962 244 997 ,
265 924 303 980 et
308 934 385 1008 pro
407 927 497 981 raro
511 934 557 980 ac
575 908 683 980 molli
708 909 839 998 durus,
860 935 907 981 uc
924 909 1059 982 densus
1077 937 1173 984 eva--

156 1025 235 1113 dit,
251 1041 288 1096 et
299 1051 417 1123 neque
430 1031 648 1124 concoquit,
664 1051 783 1125 neque
796 1026 1077 1101 dimittitUnde
1091 1029 1165 1126 igi-

156 1145 284 1216 sursit
308 1167 379 1242 pro
404 1143 560 1214 mollitie
593 1157 630 1214 et
653 1144 822 1232 raritate,
848 1168 946 1215 nova
969 1145 1038 1216 ista
1057 1143 1167 1216 duri-

154 1261 242 1344 ties,
260 1275 297 1332 et
306 1259 466 1358 oppletis
480 1243 566 1358 'quae
584 1275 717 1332 natura
734 1262 865 1334 inanes
880 1277 1004 1353 erant,
1020 1267 1170 1336 tenuis-a

86 1417 98 1423 -
156 1377 259 1450 simis
280 1381 425 1449 cunctis
438 1376 587 1467 fistulis,
604 1393 641 1450 et
654 1365 848 1469 vesiculis,
864 1380 971 1476 quasi
989 1379 1167 1479 hepatica

156 1492 337 1582 densitas,
355 1495 533 1592 praeclare
546 1495 743 1594 intelligis,
767 1509 823 1585 et,
840 1494 944 1594 quod
960 1499 1162 1594 consequi-

157 1625 239 1700 tur,
255 1636 326 1710 pro
342 1611 490 1684 levitate
514 1613 625 1684 etiam
644 1613 795 1711 pondus
811 1612 917 1710 quod
932 1612 1060 1711 hepati
1072 1637 1162 1684 con-

154 1729 311 1800 veniret.
330 1729 444 1800 Color
456 1743 584 1800 autem
600 1729 690 1801 alias
702 1727 972 1816 rubicundior,
998 1743 1161 1808 autxater

154 1859 226 1934 est,
244 1845 541 1942 aliaspallidior,
556 1859 600 1914 ut
616 1845 733 1915 rubra
749 1869 844 1942 pars,
857 1845 1056 1942 sanguinis.
1070 1846 1166 1918 alias„

154 1965 301 2050 minus,
329 1963 523 2058 magisque
551 1961 773 2058 constipata,
804 1961 893 2032 alias
926 1960 1076 2058 parcius
1098 1975 1163 2032 aut
1210 2019 1213 2024 .

155 2081 380 2175 neutiquam
395 2098 549 2174 prorsus
568 2101 653 2149 cum
666 2077 849 2174 polyposa
865 2077 905 2146 in
919 2091 1083 2174 utroque
1097 2101 1168 2174 ge·

155 2220 251 2268 nere
268 2219 442 2268 vasorum
462 2192 628 2266 subsistit
635 2220 646 2285 3
667 2218 791 2291 neque
812 2195 913 2266 enim
935 2217 1084 2291 semper
1105 2207 1163 2266 est

154 2313 398 2411 sanguisqui,
416 2312 453 2382 vi
471 2307 568 2382 facta
580 2311 655 2382 suis
662 2309 841 2399 vasculis,
859 2310 1087 2408 inerteriam
1102 2333 1167 2382 as-·

156 2453 286 2528 peram
304 2425 471 2517 distillet3
499 2426 564 2500 sed
592 2425 656 2499 uel
670 2451 765 2524 saepe
785 2451 830 2498 ex
847 2425 959 2522 hujus
983 2424 1162 2506 duntaxat

157 2545 347 2646 glandulis
360 2567 507 2633 serum,
523 2541 654 2616 foetum
673 2543 865 2616 uberrime
884 2542 1076 2640 particulis
1095 2565 1160 2641 po·
1260 2537 1262 2543 ’

156 2663 316 2762 lyposis,
331 2665 473 2761 quippe
489 2685 572 2758 quae
585 2663 626 2732 in
641 2659 786 2734 morbis
802 2659 1031 2755 ejuscemodi
1045 2683 1088 2732 ea
1102 2681 1169 2730 co·-

158 2781 224 2880 pia
243 2805 330 2853 cum
354 2779 537 2878 sanguine
562 2779 826 2864 circumeunt,
852 2799 966 2872 quam
997 2774 1174 2847 ostendit¹

158 2899 341 2997 polyposa
358 2909 483 2968 crusta
496 2895 536 2966 in
553 2893 668 2990 hujus
681 2894 826 2982 emissi,
846 2907 884 2964 et
893 2893 971 2988 jam
989 2893 1163 3002 qoncreti

158 3040 305 3107 summa
316 3029 440 3113 parte,
457 3037 530 3084 nec
542 3011 666 3084 tenu-is
677 3011 926 3109 „plerumque
940 3007 1159 3108 spectanda:
1239 3005 1243 3014 ’

159 3135 280 3233 qualis
297 3135 338 3204 in
364 3131 439 3204 hoc
458 3154 636 3229 quoque,
661 3129 709 3200 de
735 3153 813 3226 quo
832 3127 1047 3224 loquimur,
1071 3150 1161 3200 sene

158 3265 361 3350 conspecta
384 3265 460 3339 est,
481 3273 568 3320 cum
593 3247 758 3346 primum
776 3243 929 3344 quidem
948 3245 1082 3318 missus
1105 3259 1165 3317 est

159 3368 322 3466 sanguis.
479 3371 484 3390 “

183 3509 267 3556 .21.
282 3487 366 3578 ,Cur
380 3505 470 3556 uero
482 3482 606 3557 tenuis
617 3479 658 3550 in
673 3502 718 3552 eo
730 3478 911 3575 sanguine
922 3474 1035 3550 luerit
1046 3499 1166 3574 quem

132 3688 134 3696 γ
158 3616 247 3701 post
262 3599 423 3674 biduum
447 3597 741 3686 emisere,fnum
764 3617 914 3668 causam
930 3591 1043 3666 fuisse
1074 3616 1162 3664 cen·

59 3955 62 3964 ’
174 3970 366 4051 utun
444 3931 447 3936 ’
