2850 4668
245 481 270 552 6
391 503 438 548 nn
464 497 690 550 senneser.
704 497 829 545 crusis
851 497 1063 556 moruorum

247 629 391 689 certum
409 629 488 711 est,
502 625 717 710 exemptum
733 637 753 683 e
768 611 920 684 dextera
934 611 996 684 itta
1012 611 1139 686 cordis
1156 617 1256 687 auri-

245 733 348 824 cula,
363 759 443 806 non
460 731 690 830 polyposum-
707 728 903 828 quidpiam
920 727 1050 820 fuisse,
1065 747 1106 804 ut
1119 733 1164 802 in·
1172 733 1258 806 aliis

244 847 819 952 quibusdam,observationibus
842 847 1081 938 dubitamus,
1108 850 1172 922 sed
1190 876 1255 923 ve-

244 995 331 1042 rum
350 975 387 1038 in
404 990 479 1066 quo
497 965 595 1038 nihr'l
597 972 708 1066 puris
715 1019 725 1056 ,
726 966 967 1058 folliculum,
982 969 1125 1069 quippe
1139 954 1255 1040 venu-

201 1109 206 1116 ·
246 1087 291 1158 lis
313 1093 350 1158 ei
371 1085 427 1157 od
447 1091 688 1160 nutritionem
715 1089 1068 1172 annean3ta11tum
1098 1105 1255 1184 quoque

245 1204 401 1278 evidens
416 1219 491 1294 est,
514 1203 747 1303 hydropem,
764 1219 800 1276 et
829 1227 900 1301 pus
915 1204 1022 1275 initio
1041 1203 1167 1276 morbi
1190 1229 1256 1276 ex-

244 1338 389 1395 cretum
409 1346 479 1422 pro
498 1321 750 1422 peculiaribus
770 1315 871 1394 illins
890 1322 1005 1420 signis
1024 1321 1157 1394 heberi
1174 1344 1255 1396 non

242 1467 364 1541 posse.
387 1447 568 1516 Caeterum
584 1441 688 1539 quod
709 1439 756 1544 ad
775 1465 938 1539 praesens
957 1442 1089 1511 attinet
1104 1441 1256 1514 institu-

161 1656 163 1660 .
241 1557 1257 1660 tum,pulmonuminflammationibus,quibusnoster

243 1701 356 1750 senex
374 1679 563 1750 obnoxius
580 1676 720 1767 luerat,
743 1703 836 1748 num
856 1676 956 1748 illius
974 1675 1163 1748 tuberculi
1183 1677 1256 1746 ini·

241 1796 356 1886 tium,
381 1775 705 1894 augmentumque
726 1794 991 1894 imputandum
1016 1795 1099 1866 est?
1122 1793 1257 1866 Vidisti

242 1916 342 1986 enim
358 1942 403 1986 ex
420 1917 614 2013 superiore
626 1915 806 2013 epistola,
826 1928 939 2012 atque
951 1912 1046 1984 adeo
1063 1938 1108 1984 ex
1121 1911 1259 1988 dissce-

240 2032 427 2126 tionibus,
445 2033 514 2104 hac
530 2059 686 2130 quoque
703 2027 921 2131 productis3
938 2055 1052 2130 quam
1068 2030 1204 2102 crebro
1215 2033 1255 2102 in

240 2151 558 2248 peripneumonia
578 2172 702 2249 serum
722 2151 762 2220 in
791 2149 1002 2246 pericardio
1020 2149 1255 2240 cumuletur,

159 2359 161 2362 Ι
241 2264 358 2362 idque
372 2268 540 2354 crassius,
551 2281 588 2338 et
598 2265 728 2338 alienis
737 2264 869 2338 foetum
881 2265 1085 2364 particulis,
1098 2291 1182 2363 quae
1192 2282 1255 2338 aut

242 2383 460 2458 secedentes
476 2383 582 2454 cordi
596 2383 799 2473 adhaerere,
809 2399 874 2456 aut
882 2385 1059 2482 quapiam
1069 2383 1139 2457 alia
1147 2384 1254 2454 ratio-

75 2535 78 2542 ¹
144 2587 146 2590 ¹
242 2527 291 2574 ne
308 2524 447 2573 nocere
464 2504 610 2600 possint
621 2501 680 2573 vel
694 2517 894 2603 postquam
910 2501 1157 2574 inflammatio
1169 2499 1255 2572 fini-

241 2635 279 2690 ta
296 2635 360 2692 est.
373 2619 473 2710 Quin
490 2622 600 2691 etiam
610 2619 756 2692 videbis
766 2646 849 2719 quae
864 2620 909 2691 de
919 2621 1034 2692 corde
1051 2620 1254 2720 expulmo·

242 2737 689 2811 numinilammationein
701 2721 1255 2838 nodpaucisdilatatoinfra(1)

241 2856 489 2953 attingemus:
510 2872 547 2928 et
563 2857 750 2954 conjicere
765 2857 854 2930 inde
871 2858 1032 2956 poteris,
1049 2871 1090 2927 ut
1106 2855 1169 2928 hic
1187 2862 1253 2926 au-

239 2975 366 3044 riculae
378 2975 534 3046 sinistrae
545 2975 754 3063 evidenter,
764 2977 815 3048 ita
828 2975 988 3072 subjecti
998 2999 1153 3072 quoque
1163 2999 1252 3046 ven·

238 3075 365 3162 triculi
375 3091 605 3182 substantiae,
616 3097 786 3191 quamvis
796 3119 875 3166 non
886 3097 936 3165 ita
945 3090 1162 3182 manifesto,
1175 3094 1252 3164 vim

239 3203 322 3278 lieri
339 3211 516 3306 potuisse.
536 3210 607 3283 Sed
620 3211 681 3281 illa
693 3209 799 3284 facile
810 3212 1003 3299 videntur,
1017 3212 1149 3309 sepius
1158 3235 1253 3308 prae·

241 3311 374 3423 gressae
400 3329 724 3426 peripneumoniae
751 3355 829 3403 esse
851 3329 1117 3416 adscribenda,
1145 3327 1252 3425 quod
1336 3377 1338 3380 -

238 3440 469 3516 bronchialis
481 3447 613 3518 arteria
624 3449 743 3520 multo
755 3463 850 3520 esset
861 3445 1141 3545 crassior,quod
1151 3469 1252 3516 vaso-

238 3559 1251 3665 rum,broncl1iastipantium-aliquodessetvaricosum,

238 3679 343 3773 quod
353 3705 393 3750 ea
404 3704 487 3752 vasa
499 3706 585 3753 cum
594 3683 789 3758 bronchiis
797 3685 916 3756 multo
926 3681 1064 3756 arctius
1073 3707 1186 3781 quam
1199 3706 1251 3752 so

236 3793 352 3884 leant,
363 3797 614 3890 cohaererent,
632 3799 787 3874 fortasse
805 3803 915 3873 etiam
932 3802 1035 3900 quod
1048 3801 1249 3899 pulmones

244 3931 565 3955 ¹¹-·————,--m

274 4033 318 4109 (ι)
338 3975 376 4091 N
393 4037 441 4101 34.
