2824 4668
151 451 217 500 mn.
246 449 284 498 11.
321 447 528 497 ornomns
554 447 885 514 enonA01S,srtsr.
913 455 1009 520 xxiv.
1038 437 1105 510 321

100 562 468 661 donecTulpiits(1),
482 582 583 639 anno
598 541 695 650 3541,
717 583 823 634 suam
844 567 968 640 cordis
985 572 1113 672 polypi

102 677 261 778 figuram
287 694 323 750 et
347 677 636 775 descriptionem
662 683 881 776 proposuit,
911 684 1114 762 defuerunt

104 797 185 882 atii,
203 797 271 893 qui
299 793 346 865 ab
374 819 411 866 se
440 795 738 894 quoque-visum
767 819 1046 875 memorarent:
1068 831 1113 876 ex

105 913 245 1013 quibus
267 937 391 986 unum
412 913 499 983 saris
521 927 576 982 est
601 914 817 997 nominare,
840 918 947 1012 cujus
968 921 1112 994 libriin

104 1029 282 1101 manibus
314 1044 420 1099 erant
451 1030 645 1116 omnium,
675 1031 885 1102 Riolanum.
914 1037 981 1106 Hic
1011 1041 1112 1116 enim

105 1173 190 1246 quae
207 1148 246 1217 in
266 1143 514 1244 Sepulchreto
539 1143 610 1240 (α)
630 1161 756 1218 extant
773 1145 821 1220 de
833 1152 1012 1240 stastulr's
1028 1179 1115 1225 ear-

104 1270 203 1351 neis,
218 1259 340 1361 pugni
352 1259 629 1360 magnitudine,
648 1269 799 1336 invicem
816 1268 1048 1365 conglobatis
1062 1273 1109 1344 eb

105 1406 152 1453 eo
162 1379 408 1478 deprehensis
421 1383 521 1449 intro
532 1379 779 1452 ventriculum
792 1382 965 1457 demeum
977 1388 1032 1458 ad
1042 1395 1113 1460 ori·

93 1500 230 1597 ficium
240 1521 348 1570 venae
360 1519 461 1568 coece
478 1502 516 1566 io
535 1497 761 1594 quibusdam
774 1510 969 1598 repentina
981 1513 1113 1580 acino-

96 1621 240 1716 pinata
254 1631 373 1685 morte
386 1615 599 1705 suffocatis,
616 1629 653 1684 et
669 1617 892 1687 nominatim
910 1620 950 1689 in
968 1625 1113 1719 episco-

104 1758 156 1832 po
187 1731 447 1816 Malleacensi,
467 1729 595 1800 eodeni
622 1731 702 1827 ipse
724 1731 799 1828 jam
820 1731 988 1806 ediderat
1012 1761 1112 1810 anno

106 1848 347 1935 saltem1626‚
366 1848 405 1916 in
417 1847 753 1944 Antropographiae
765 1850 885 1945 capite
900 1849 1113 1926 ibidem'in-

99 1967 252 2040 dicato:
269 1965 316 2036 ad
333 1987 415 2062 quae
434 1963 504 2034 alia
529 1959 672 2034 addidit
686 1977 836 2060 postea,
855 1979 897 2037 ut
911 1967 950 2036 in
966 1985 1112 2066 postre.

107 2110 169 2157 ma
189 2082 357 2180 ejusdem
377 2082 502 2179 operis
519 2079 683 2152 editione
700 2081 878 2178 legimus,
895 2110 977 2182 quae
992 2087 1039 2159 ad
1054 2113 1113 2160 an·

93 2227 203 2274 =num
219 2200 352 2271 attinet
368 2198 464 2295 1649.
488 2197 588 2288 Quin
608 2198 719 2269 etiam
739 2199 863 2297 ipsum
884 2201 1022 2302 polypi
1042 2228 1113 2277 no-

109 2342 200 2388 men
220 2337 297 2413 quo
315 2313 597 2416 'deprehensam
623 2339 644 2384 a
671 2315 806 2414 Tulpio
831 2321 1113 2392 concretionem

110 2435 179 2534 qui
198 2432 353 2504 aderant
365 2431 500 2503 medici
516 2455 592 2504 uno
612 2455 679 2502 ore
692 2433 998 2531 appellaverunt,
1015 2439 1112 2510 indi·
1165 2422 1170 2436 ¹

95 2565 235 2624 ‘catum
249 2547 417 2635 videtur,
431 2563 474 2620 ut
495 2548 839 2622 animadverterunt
859 2553 930 2622 viri
952 2553 1073 2642 docti,
1091 2581 1113 2628 a
1177 2574 1180 2581 ‘

107 2666 265 2746 Fabricii
281 2666 459 2738 Bartoleti
473 2664 597 2754 libris,
619 2665 728 2740 editis
745 2691 845 2738 anno
864 2668 969 2758 1633,
986 2671 1025 2742 in
1036 2675 1114 2769 qui·

108 2764 181 2856 bis
194 2809 280 2858 cum
294 2783 342 2855 de
359 2783 446 2854 visis
465 2807 486 2852 a
505 2807 543 2854 se
565 2784 647 2880 ipso
673 2784 979 2860 concretionibus
997 2789 1111 2862 verba

110 2897 246 2974 moeret
258 2927 268 2989 ;
277 2897 485 3000 polypodis
503 2898 689 2972 vocabulo
706 2925 795 2974 usus
810 2898 939 2974 fuerat.
1059 2949 1062 2954 ·

161 3015 218 3090 25.
240 3018 316 3089 Etsi
335 3041 424 3088 vero
442 3041 464 3087 a
481 3031 538 3087 tot
554 3013 709 3087 medicis
733 3031 770 3088 et
795 3015 842 3088 ab
862 3018 961 3102 aliis,
986 3043 1112 3117 neque

110 3135 213 3210 enim
226 3134 393 3232 singulos
404 3135 601 3205 nominare
611 3133 772 3222 institui,
790 3131 854 3206 sed
867 3157 1012 3206 summa
1021 3134 1114 3208 dun·

110 3265 211 3324 taxat
232 3253 368 3350 capita,
384 3265 421 3327 et
438 3267 609 3350 tempora
629 3247 864 3348 attingendo,
882 3249 1113 3326 observatio-

111 3392 180 3442 nes
196 3368 395 3467 plerasqne
411 3369 623 3440 notissimas
633 3367 673 3438 in
686 3367 822 3438 seriem
836 3365 1026 3466 digerere,
1043 3373 1112 3444 sic-

111 3510 187 3584 que
214 3485 378 3584 aliquam
403 3484 472 3580 tibi
496 3485 626 3584 polypi
648 3482 841 3556 historiam
868 3465 1131 3578 adumbrare,

111 3603 202 3690 etsi,
223 3587 435 3700 induam
459 3615 515 3672 tot
532 3601 688 3674 medicis
700 3602 800 3672 visus
825 3600 887 3674 ille
913 3599 1053 3693 fuerat,
1077 3618 1114 3678 et

151 3887 197 3966 (ι)
216 3888 288 3946 Obs.
303 3887 381 3944 med.
393 3888 413 3943 1.
430 3905 460 3955 ι,
474 3904 498 3942 c.
512 3902 559 3955 ²7·

151 3987 198 4065 (α)
217 3991 302 4060 L.o,
320 3985 489 4058 s.u,obs.
507 3983 612 4056 5,§2.
723 4031 726 4036 .

189 4085 223 4158 3.
