2820 4668
324 501 394 593 548
449 525 535 573 -os
562 515 778 572 semensas
804 519 928 568 causrs
954 515 1161 570 nonnosum
1248 515 1252 527 '

322 663 494 740 quoque,
506 653 549 710 ut
564 637 732 710 Frustius
745 633 827 732 (1):
848 635 910 708 hic
925 637 1025 707 enim
1039 638 1079 708 iu
1088 636 1203 710 cordis
1214 633 1291 706 venis

322 755 530 828 coronariis
540 755 655 826 osseis
665 751 782 840 factis,
792 758 922 824 vestiri
931 759 1117 852 utrimque
1127 779 1167 826 os
1176 751 1252 824 vidit
1262 766 1294 822 te

321 879 390 948 nui
399 871 681 960 membranula3
701 869 764 941 ille
782 885 907 942 autem
929 875 1128 964 manffmto
1149 893 1292 969 apparere

323 1015 400 1062 non
420 996 592 1061 r'ntt'rrrum
609 981 762 1058 arte'riae
781 1012 893 1060 osseae
912 987 1014 1060 factae
1041 996 1202 1061 turricam·
1214 986 1293 1057 iudu-

322 1123 447 1180 ratam
475 1131 568 1195 esse,
586 1105 654 1177 sed
676 1105 849 1176 mediam.
872 1109 1004 1204 Neque
1031 1106 1079 1178 ab
1106 1107 1176 1178 bac
1201 1102 1292 1178 Valeri

275 1227 276 1232 ’
321 1225 484 1297 multum
501 1223 784 1302 observationes
801 1247 891 1294 meae
901 1222 1119 1324 discrepant
1131 1227 1169 1296 in
1181 1223 1292 1296 duabus

296 1419 299 1424 ,
320 1340 568 1427 mulieribus,
588 1363 751 1438 quarum
764 1340 917 1413 alterius
933 1341 1113 1414 morbum
1135 1357 1172 1414 et
1190 1341 1294 1414 dissec-

318 1461 463 1532 tionem
480 1460 520 1530 in
537 1473 703 1530 extrema
719 1458 875 1557 epistola
888 1457 1070 1557 descripsi
1086 1463 1174 1529 XIX
1188 1458 1236 1557 (a)
1261 1454 1294 1526 tl·

315 1577 438 1651 terius
456 1591 581 1650 autem
599 1577 640 1647 in
655 1575 726 1646 alia
740 1573 896 1648 fortasse
914 1575 1135 1648 describam.
1154 1582 1195 1647 In
1206 1575 1296 1674 prim

313 1719 408 1771 cum
426 1721 470 1768 ex
482 1693 647 1766 flexuosa
659 1693 722 1764 illa
736 1707 841 1765 aorta
854 1718 998 1766 osseam
1016 1690 1298 1792 squamulamele
1363 1711 1364 1728 ¹

319 1817 477 1916 gissem,
499 1815 609 1911 cujus
625 1811 1046 1901 sedem-examinarem,
1060 1815 1148 1886 visae
1165 1826 1242 1885 sunt
1257 1811 1297 1878 in·
1363 1897 1364 1904 ἵ

318 1947 378 2007 ter
391 1932 512 2031 ipsam
528 1946 565 2003 et
581 1931 748 2003 tunicam
764 1931 935 2005 intimam
953 1928 1058 2002 librar
1075 1929 1296 2012 intercedere,

318 2048 567 2125 annularibus
587 2050 736 2121 incessu
754 2048 981 2146 persimiles,
998 2048 1064 2121 sed
1090 2075 1137 2122 ex
1163 2045 1296 2124 subflavo

320 2164 568 2256 albescentes,
588 2167 722 2240 molles
736 2181 914 2265 practerea
926 2192 1013 2239 non·
1027 2191 1139 2241 secus
1155 2191 1196 2238 ac
1211 2177 1296 2236 mate·

319 2287 375 2360 ria
391 2287 455 2358 illa
467 2309 550 2384 quae
564 2285 755 2357 adhaerere
771 2283 959 2380 ejusmodi
969 2286 1086 2358 osseis
1101 2285 1297 2358 lamellisso

320 2403 382 2476 let.
401 2410 444 2474 In
463 2403 580 2474 altera
594 2418 718 2474 autem
742 2401 1009 2474 mulierosum
1031 2406 1208 2477 arteriam
1226 2421 1298 2496 mag·

244 2601 246 2605 v
320 2543 409 2592 uam
429 2517 578 2590 acorde
596 2518 642 2588 ad
659 2533 807 2616 septum
826 2543 946 2617 usque
965 2535 1219 2594 transversum
1234 2539 1295 2614 ape·

319 2635 501 2723 missen,
522 2650 559 2706 et
575 2631 743 2706 subalbis
768 2636 926 2708 maculis
948 2639 1086 2734 passim
1114 2638 1292 2709 distinctam

311 2751 664 2828 ,animadvertissem
675 2751 882 2848 majoribus
897 2753 1180 2841 minoribusve,
1199 2749 1295 2852 quales

318 2895 391 2972 pro
407 2871 645 2944 bractearum
666 2893 857 2942 ossearum
876 2872 992 2944 initiis
1009 2871 1153 2944 habere
1173 2891 1298 2944 consue·

318 2991 462 3077 vimus,
482 2990 669 3084 majorum
685 2988 901 3085 complures
921 2989 1101 3077 dissecui‚
1121 3006 1298 3084 omnesque

309 3105 435 3179 iactas
449 3104 683 3204 deprehendi
704 3129 749 3175 ex
769 3105 975 3178 substantia
988 3107 1145 3180 minime
1163 3109 1200 3178 in
1214 3111 1298 3178 seaut

322 3225 466 3296 circum
488 3247 573 3294 oras
590 3223 765 3312 humida,
785 3223 993 3322 eademque
1013 3227 1134 3324 magis
1155 3225 1233 3298 alba
1246 3243 1298 3291 ma·
1363 3229 1364 3240 ¹

309 3343 453 3441 -gisque
478 3355 674 3438 compacta
693 3365 806 3438 quam
824 3340 887 3412 illa
901 3357 996 3412 esset
1011 3365 1059 3412 cx
1078 3369 1155 3440 qua
1171 3342 1243 3415 sani
1257 3360 1299 3408 ar·

320 3460 424 3533 teriae
450 3459 612 3556 parietes
634 3457 866 3530 constabant.
885 3457 1018 3530 Sedem
1036 3484 1129 3530 vero
1146 3461 1238 3530 hanc
1252 3456 1299 3525 ha·

321 3575 456 3664 bebat,
487 3590 529 3646 ut
555 3575 601 3647 ab
629 3576 761 3648 intima
788 3577 971 3673 iucipiens
997 3579 1140 3648 arteriae
1170 3574 1300 3657 lamina,

322 3719 437 3792 quam
456 3693 634 3765 nonnihil
650 3695 857 3800 introrsum
878 3693 1092 3786 attollebat,
1108 3695 1197 3766 iude
1214 3717 1246 3765 se
1256 3713 1299 3760 ex-

363 3979 406 4050 (rl
427 3979 505 4053 Eph.
518 3977 556 4035 N.
574 3979 607 4035 C.
622 3979 686 4036 dec.
703 3954 852 4050 2,A.1o,
866 3977 930 4036 obs.
949 3977 1013 4050 175.

362 4079 405 4158 (a)
425 4082 462 4135 N.
480 4076 527 4136 58.
792 4089 797 4102 '
