2824 4668
281 398 355 485 304
449 419 496 466 nn
522 413 669 464 sumnus
693 415 738 462 rr
763 413 887 462 ornsrs
913 413 1126 468 nonnonmr

280 533 448 620 fuerant,
459 530 530 604 alia
551 527 662 601 simul
681 543 824 617 essent,
847 553 931 626 quae
950 533 1119 604 accusari
1137 529 1298 609 fortasse

279 663 434 752 possent
449 675 457 718 :
476 671 547 720 nec
559 645 738 718 Valsaivae
753 645 808 742 (r)
822 645 931 720 aliter
940 647 1088 721 videbis
1097 650 1295 725 accidisse.

279 768 381 862 Quid
399 790 490 865 ergo
512 763 593 840 esti
612 766 671 836 An
691 787 775 862 quae
795 764 965 860 sejuncta
980 765 1028 836 id»
1040 789 1195 872 semper
1212 795 1295 843 non

278 900 464 988 possunt3
493 876 626 954 endem
656 881 861 978 conjuncta
892 897 1105 980 potuerunt
1138 909 1295 986 semper

275 1019 345 1083 sut
364 1000 441 1074 iere
459 1023 609 1097 semper
625 981 946 1073 intermissionim
963 1000 1095 1098 pulsus
1114 999 1297 1077 efficere?

278 1125 375 1193 Cum
392 1118 440 1191 ad
459 1115 537 1189 haec
556 1116 790 1215 dispicienda
805 1115 928 1188 multo
946 1117 1075 1216 plures
1091 1122 1297 1218 requiran-

276 1252 340 1310 tur
359 1235 666 1324 observationes,
689 1234 775 1306 satis
793 1233 834 1306 in
860 1237 1056 1332 praesentia
1076 1233 1195 1312 inerit
1212 1265 1296 1338 quae

278 1378 428 1454 semper
443 1377 521 1424 non
532 1350 794 1450 respondent,
809 1350 1042 1426 indicavisse.

328 1501 386 1546 αα.
421 1473 529 1544 Illam
560 1493 717 1568 quoque
745 1471 1076 1544 intermittentium
1109 1473 1295 1571 pulsuum

273 1615 423 1666 causam
437 1588 501 1660 hic
515 1588 570 1687 (α)
585 1589 625 1658 in
639 1586 887 1686 Sepulchreto
904 1587 1067 1688 proferri
1080 1589 1198 1664 video
1212 1647 1223 1683 ‚
1243 1593 1292 1666 de

277 1734 353 1809 qua
377 1709 463 1782 satis
483 1731 674 1806 superque
693 1709 889 1805 superiore
907 1707 1065 1806 epistola
1084 1706 1142 1806 (3)
1167 1705 1294 1812 scrip-

275 1842 356 1901 tum
376 1841 451 1915 est,
465 1825 640 1898 videlicet
651 1822 853 1923 pericardii
870 1824 918 1896 ad
938 1847 1006 1896 cor
1019 1823 1290 1902 adhaesionem.

272 1947 411 2036 Quam*
425 1958 525 2016 certe
544 1967 624 2014 non
650 1964 799 2040 semper
820 1939 860 2012 id
892 1937 1034 2030 facere,
1052 1941 1112 2014 his
1133 1967 1292 2044 quoque

274 2063 408 2136 litteris
434 2061 503 2158 (4)
526 2057 846 2131 confirmavimus.¹
868 2057 1118 2135 Proferuntur
1136 2059 1202 2134 hic
1220 2063 1291 2162 (5)

277 2179 403 2253 cordis
425 2180 538 2250 etiam
562 2177 871 2250 exulcerationes.
893 2181 994 2250 Num
1010 2201 1102 2251 vero
1119 2201 1212 2252 cum
1231 2180 1291 2254 his

274 2321 425 2394 semper
444 2297 518 2368 sint
536 2295 667 2394 pulsus
690 2295 999 2382 intermittentes,
1023 2297 1210 2394 proximis
1227 2298 1289 2371 lit-

273 2415 364 2485 teris
380 2411 435 2510 (6)
455 2435 686 2510 quaeremuS,
704 2437 784 2484 non
805 2414 932 2494 minus
951 2437 1065 2512 quam
1083 2437 1287 2514 semperne

276 2555 363 2602 cum
380 2530 425 2602 iis
448 2530 790 2604 exulcerationibus
807 2533 925 2604 animi
946 2527 1179 2606 defectiones
1193 2535 1288 2631 jun·

274 2661 422 2748 gantur.
447 2650 559 2719 Nunc
585 2672 695 2737 vero,
713 2648 773 2721 his
792 2664 829 2722 et
846 2651 1010 2738 caeteris,
1029 2673 1113 2747 quae
1128 2673 1218 2722 non
1235 2653 1285 2728 ita

275 2789 371 2864 saepe
388 2781 630 2852 accusantur,
649 2769 769 2840 causis
787 2767 1064 2866 praetermissis,
1082 2792 1200 2842 unam
1219 2792 1285 2868 po·

271 2884 456 2958 tissimum
469 2884 723 2974 attendemus,
741 2908 818 2983 qua
836 2885 941 2960 nulla
957 2887 1110 2984 saepius‚
1127 2910 1218 2960 cum
1236 2887 1293 2962 de

271 3003 452 3102 pulsuum
469 3003 749 3075 intermissione
768 3019 805 3075 et
818 3004 1071 3102 inaequalitate
1092 3005 1219 3102 agitur
1229 3059 1240 3093 ‚
1260 3029 1284 3080 a

271 3121 428 3192 medicis
452 3122 643 3193 nominari
674 3120 788 3211 solet,
813 3121 1007 3220 polypum.
1034 3123 1112 3198 Nec
1143 3121 1283 3198 desunt

275 3331 595 3350 ’.ῃ-*οι-
