2800 4674
182 445 252 533 mn
280 481 320 534 rr.
349 479 913 549 semonnisrnonacrs,rr1sr.
941 487 1013 538 xm.
1046 493 1115 569 117

113 599 288 670 arteriam
300 591 597 694 cum'diligenter
606 612 811 695 spectarem
822 653 832 688 ,
845 601 897 672 sic
908 602 1112 680 observavi.

113 721 192 788 Jam
215 716 304 787 inde
330 715 377 786 ab
402 716 529 800 initio,
555 739 662 811 aequo
688 731 767 788 erat
791 718 913 808 latior,
938 721 1117 820 intusque

112 833 315 928 inaequalis.
335 837 413 904 Nec
429 847 555 903 tamen
575 833 615 902 in
635 831 868 906 manifestius
894 860 1116 936 aneurysma

113 948 577 1048 sedilatabat‚priusquam
593 949 820 1040 subclaviam
830 953 1015 1026 sinistram
1027 959 1116 1028 emi·

113 1066 226 1138 sisset.
245 1066 338 1137 Inde
356 1091 435 1137 non
454 1057 494 1138 in
513 1091 661 1140 saccum
680 1069 883 1166 quemdam
898 1070 1113 1163 lateralem,

113 1183 176 1254 sed
197 1185 237 1254 in
266 1207 419 1256 omnem
435 1200 582 1282 partem
603 1200 760 1258 truncus
774 1186 854 1284 ipse
872 1211 910 1260 se
927 1189 1118 1287 expande·

111 1299 190 1389 bat,
206 1302 249 1372 ut
265 1325 397 1372 cavum
411 1299 576 1376 efficeret
590 1325 787 1402 magnum,
803 1301 923 1376 forma
938 1305 986 1377 ad
999 1306 1114 1404 sphae·

110 1417 452 1491 roidemaccedens
473 1445 480 1488 :
505 1420 550 1490 ad
563 1421 671 1515 cujus
687 1415 854 1490 infimam
869 1436 1035 1519 partem,
1050 1424 1117 1496 ite-

110 1558 195 1605 rum
217 1536 315 1607 sein
336 1538 479 1608 arteriae
504 1536 661 1609 modum
686 1537 951 1627 contrahebat,
978 1563 1120 1611 secun·

111 1651 201 1723 dum
218 1651 415 1726 inferiores
433 1654 598 1726 thoracis
612 1653 824 1744 uertebras,
840 1669 883 1724 ut
901 1655 1014 1742 solet,
1030 1655 1116 1730 des·

110 1769 286 1842 condens.
314 1774 360 1841 lt
383 1772 570 1869 superius,
588 1769 655 1841 ubi
676 1770 864 1843 dilatatam
886 1767 999 1842 fuisse
1017 1772 1110 1862 dixi,

108 1886 199 1958 hinc
208 1888 380 1958 altiorem
392 1887 531 1958 sinistri
544 1886 735 1983 pulmonis
747 1901 891 1982 partem
905 1887 1111 1984 premebat,

108 2003 198 2077 inde
226 2001 486 2076 vertebrarum
513 2002 658 2098 aliquot
685 2023 858 2099 corpora,
884 2017 921 2074 et
942 2003 1117 2076 laterales

109 2143 327 2218 processus,
349 2134 386 2191 et
407 2119 615 2217 proximam
635 2132 823 2190 costarum
842 2133 1004 2217 partem,
1025 2122 1113 2192 asi-

109 2237 240 2309 nistris
254 2239 411 2336 pariter,
426 2234 592 2334 urgebat.
609 2239 653 2306 Et
665 2233 743 2306 haec
764 2235 918 2333 quidem
932 2241 1014 2310 ossa
1030 2261 1118 2309 om·

109 2355 173 2425 nia
185 2369 292 2426 erant
306 2353 358 2426 ibi
370 2353 478 2425 valde
491 2367 662 2424 excavata
674 2379 684 2441 ;
702 2352 765 2423 illa
779 2368 903 2424 autem
917 2355 1117 2453 pulmonis

108 2497 197 2571 pars
213 2487 292 2545 atra
311 2487 407 2561 erat,
424 2488 505 2543 tum
522 2470 616 2542 dura
633 2469 748 2562 adeo,
764 2485 877 2569 atque
895 2485 1113 2569 compacta,

108 2606 152 2662 ut
171 2591 340 2663 mirabile
357 2590 419 2660 hic
437 2586 625 2677 officium,
643 2588 747 2686 quod
761 2589 878 2660 verbo
897 2590 1001 2686 attigi
1015 2591 1055 2661 iri
1070 2593 1107 2661 II

110 2709 338 2782 Adversariis
354 2707 427 2806 (1),
450 2721 648 2805 praestaret.
672 2706 818 2778 Scilicet
838 2707 1108 2804 aneurysmatis

111 2827 268 2900 interior
285 2825 411 2914 facim,
439 2825 552 2897 nullis
581 2826 622 2895 in
642 2823 712 2896 hac
731 2824 888 2897 muliere
906 2824 1114 2896 corticibus

112 2943 302 3043 polyposis
314 2944 494 3031 obducta,
509 2943 679 3012 intimam
692 2943 839 3014 arteriae-
850 2940 1116 3030 substantiam,

115 3062 221 3134 sicuti
240 3061 435 3133 nonnullis
452 3062 492 3130 in
513 3061 621 3148 locis,
641 3059 803 3158 perraris
823 3074 966 3147 tamen,
990 3072 1029 3129 et·
1043 3081 1115 3128 an·-

116 3181 250 3275 gustis‚
266 3179 387 3250 laxam
417 3177 511 3250 adeo
537 3176 777 3264 ostendebat,
802 3189 847 3246 ut-
872 3199 917 3245 ex
942 3198 985 3246 ea
1005 3178 1118 3273 quasi¹

117 3297 316 3393 squamulae
327 3297 434 3367 nullo
445 3296 598 3394 negotio
610 3293 718 3364 avelli
728 3293 959 3389 possent,ita
969 3307 1116 3365 eteam·

118 3411 201 3484 dem
223 3430 260 3486 et
284 3417 476 3502 eitimam,
498 3411 564 3483 ubi
588 3435 674 3482 cum
693 3410 873 3508 pulmone
893 3435 1117 3508 aneurysma-

118 3533 320 3605 arctissime
346 3528 698 3630 conglutinabatur,
724 3550 870 3599 exesam
902 3543 939 3599 et
959 3551 1116 3625 prorsus

120 3645 364 3737 deficientem,
375 3650 496 3748 spatio
510 3647 674 3719 duorum
690 3644 894 3743 digitorum
910 3666 1123 3717 commons-

159 4021 203 4100 (ι)
222 3979 359 4088 animae
375 4023 413 4100 39
427 4018 533 4078 usn„
