2850 4668
322 457 369 556 76
487 479 532 525 ns
558 475 703 526 saumas
727 475 771 523 ar
796 471 919 522 carrsrs
944 471 1152 522 uoauouun

320 592 521 691 pulmones
540 613 746 689 praegraves
771 603 896 676 erant,
919 602 1073 684 totaque
1090 588 1324 684 posteriore,

320 712 450 782 etima
474 708 566 780 facie
592 708 710 806 nigri,
728 691 924 804 nigredine
954 704 1026 776 alte
1047 703 1232 778 subeunte
1251 729 1322 802 per

318 827 542 914 subdurum,
559 839 868 924 compactamque
877 822 1141 910 substantiam,
1157 821 1319 918 quandu-

316 947 417 1034 rior,
436 945 627 1042 magisque
644 955 853 1040 compacta,
869 955 905 1011 et
927 939 1042 1010 densa
1060 940 1212 1011 inventa
1229 953 1319 1014 esta

315 1074 423 1166 parte
449 1061 596 1132 sinistra
614 1059 661 1130 ad
686 1075 862 1155 magnum
880 1072 1060 1145 tractum3
1080 1079 1167 1127 cum
1186 1056 1234 1127 ab
1252 1083 1318 1128 an·

316 1181 454 1251 teriore
475 1193 599 1276 parte,
618 1203 640 1248 a
651 1177 789 1249 dextris
804 1175 1026 1274 praesertim,
1042 1173 1166 1244 mollis
1183 1191 1217 1245 et
1235 1199 1319 1246 rara

254 1329 256 1334 ’
316 1295 666 1391 substantia,eaque
678 1318 787 1366 roseo
803 1293 1316 1364 coloresecantioccurreret.

313 1418 357 1484 In
378 1412 587 1512 pericardio
605 1437 709 1508 aquae
727 1411 839 1509 paulo
855 1411 940 1508 plus
965 1435 1073 1506 quam
1102 1429 1205 1480 sanat.
1227 1415 1317 1481 Cor·

316 1531 373 1602 dis
390 1555 475 1602 vasa
496 1530 666 1627 propria,
688 1527 728 1598 in
748 1528 858 1626 plana
876 1529 1078 1627 praesertim
1093 1526 1202 1616 facie,
1232 1551 1319 1600 san-

314 1649 426 1746 guine
439 1645 602 1744 turgida.
619 1648 677 1718 Sic
698 1661 735 1718 et
750 1671 844 1718 vena
859 1661 1018 1742 utraque
1036 1670 1143 1732 cava,
1164 1661 1201 1717 et
1217 1647 1316 1716 auri-

313 1765 396 1838 cula
416 1763 566 1836 dextera
579 1765 759 1862 sanguine
774 1753 1094 1836 distendebantur.
1105 1764 1173 1833 Hic
1188 1779 1315 1835 autem

312 1896 391 1955 erat
414 1883 658 1980 nigerrimus3
676 1897 714 1954 at
735 1881 814 1954 sine
833 1881 920 1952 ullis
942 1881 1132 1978 polyposis
1157 1905 1313 1951 concre-

310 1998 502 2072 tionibus:
522 2024 604 2097 quae
623 2025 747 2097 neque
776 2000 816 2070 iu
846 1997 971 2070 cordis
997 1998 1234 2086 ventriculis,
1253 2023 1314 2070 ne-

311 2143 385 2214 que
401 2117 487 2188 ullis
499 2119 539 2187 in
553 2118 653 2188 uasis
664 2141 825 2214 usquam
836 2130 1094 2214 apparuerunt
1110 2142 1117 2183 :
1138 2117 1199 2185 vix
1209 2116 1313 2187 semi·

311 2235 478 2331 grumosi
503 2233 645 2330 aliquid
674 2235 714 2302 iu
745 2259 789 2304 eo
816 2235 1018 2329 sauguine,
1049 2232 1165 2328 idque
1188 2233 1311 2330 ipsum

309 2374 484 2448 paucum.
507 2354 647 2422 Venter
665 2349 852 2421 diarrhaeae
868 2351 981 2428 etiam
999 2374 1108 2422 causa
1118 2348 1310 2440 dissectus,

309 2468 480 2538 tenuium
517 2467 781 2538 intestinorum
815 2482 939 2566 partes
969 2467 1113 2565 aliquas
1148 2467 1312 2540 ostendit

228 2609 231 2616 ’
309 2585 416 2683 quasi
445 2584 700 2656 inflammatas.
729 2584 800 2657 Sed
827 2583 964 2674 colon,
991 2584 1095 2682 quod
1122 2588 1245 2658 statim
1272 2587 1310 2656 in

309 2708 553 2800 conspectum
574 2717 745 2793 venerat,
762 2704 903 2801 quippe
918 2727 1025 2792 aere,
1044 2705 1215 2800 quamvis
1232 2729 1310 2776 nou

269 2870 272 2884 Α
307 2821 535 2919 plurimum,
553 2835 720 2908 tumens,
735 2835 837 2892 recte
858 2843 895 2892 se
913 2818 1094 2910 habebat,
1114 2822 1187 2892 nisi
1205 2820 1310 2920 quod

307 2937 470 3010 emedio
486 2938 587 3010 illius
603 2952 744 3010 tractus
765 2963 834 3036 per
858 2963 972 3037 quem
994 2939 1033 3008 in
1055 2953 1308 3011 transversum

306 3054 394 3128 ferri
419 3057 532 3145 solet,
560 3055 608 3128 ad
633 3055 856 3128 umbilicum
882 3081 920 3129 se
946 3054 1178 3145 inflectebat,
1205 3057 1308 3129 unde

306 3199 453 3247 sursum
469 3173 621 3271 quidem
634 3227 644 3264 ,
657 3174 818 3252 sednon
832 3174 905 3246 alte
920 3172 1014 3245 adeo
1029 3173 1184 3246 redibat.
1199 3181 1309 3248 Jecur
1409 3185 1410 3196 ‘

305 3315 396 3361 vero
413 3289 614 3388 pallidum,
633 3292 736 3364 intus
753 3306 952 3388 extraque,
973 3305 1010 3361 et
1025 3291 1187 3363 vesicula
1205 3293 1310 3362 inani

306 3423 371 3478 aut
384 3422 483 3479 certe
503 3405 588 3482 bilis
604 3400 726 3507 guttas
741 3410 803 3480 vix
819 3433 957 3508 paucas
974 3409 1208 3498 continente,
1227 3433 1309 3506 quae

307 3524 444 3596 chartae
459 3525 571 3616 illita,
599 3527 726 3620 colore
743 3525 909 3624 quodam
924 3525 1023 3597 hanc
1044 3523 1172 3598 infecit
1191 3525 1308 3614 flavo,

305 3641 427 3731 fusco,
441 3657 553 3741 atque
575 3644 758 3716 obsoleto.
776 3646 869 3716 Lien
886 3667 994 3741 aequo
1007 3658 1044 3716 et
1054 3643 1193 3740 major,
1209 3643 1308 3714 etla-

305 3760 398 3830 xior.
417 3761 541 3832 Cranii
563 3762 693 3851 sectio,
723 3776 880 3860 propter
902 3760 990 3834 alias
1008 3761 1221 3857 interjectas
1239 3759 1309 3832 ob-

307 3875 553 3968 servationes,
567 3881 606 3950 in
624 3878 724 3950 diem
743 3880 919 3977 quintum
939 3877 1052 3951 dilata
1071 3892 1145 3969 est;
1165 3893 1209 3950 ut
1226 3903 1307 3950 eam

306 4019 461 4093 quoque
478 3993 632 4080 sortasse
646 3996 696 4072 ob
715 4022 864 4075 causam
878 3997 1019 4074 laxiora
1031 3997 1159 4072 omnia
1172 3995 1309 4095 depre-
