2816 4668
310 455 381 545 468
475 479 521 526 nn
547 475 694 527 sumnus
718 475 763 526 ar
788 477 913 528 causis
940 479 1153 533 noanoauu

311 593 393 689 ejus
412 592 523 664 etiam
543 591 730 690 ruptionis
746 589 903 664 mininie
917 592 1042 667 desint
1062 597 1323 697 exempla(1);

309 736 397 782 nam
418 725 459 781 ut
477 709 571 780 illud
585 708 690 806 quod
709 733 755 782 ex
771 713 894 781 Pa'raeo
920 726 996 800 est,
1022 737 1184 812 seponas
1203 715 1283 814 (2);
1302 743 1321 787 a

310 828 455 900 Bellino
470 825 532 924 (3)
548 825 753 923 aiiquando
773 827 813 896 in
830 842 986 925 repente
995 833 1158 902 mortuis
1171 838 1320 905 inventa

311 961 477 1016 estvenu
491 943 729 1042 pulmonaris
746 941 796 1014 ab
808 945 982 1016 auricula
995 952 1149 1018 sinistra
1161 948 1319 1034 divulsa,
1374 1011 1377 1024 .

310 1063 415 1161 quod
428 1058 629 1158 Monspelii
638 1058 732 1130 vidit
743 1060 854 1131 etiam
868 1064 1085 1136 Franciscus
1096 1067 1232 1162 Queye
1248 1066 1317 1163 (4);

308 1197 415 1253 tanto
436 1177 579 1251 facilius
598 1191 679 1247 tum
705 1175 893 1266 dilatatio,
923 1193 1003 1250 turn
1023 1183 1155 1279 ruptio
1173 1183 1315 1254 accidet

308 1299 347 1368 in
364 1322 458 1369 vena
478 1321 586 1382 cava,
605 1293 890 1391 quantoplures
903 1319 1032 1368 causas
1048 1321 1129 1370 esse
1152 1299 1314 1371 ostendi·

309 1441 410 1502 mus,
432 1413 482 1486 ob
496 1436 590 1512 quas
600 1411 750 1509 sanguis
764 1413 804 1482 in
819 1411 891 1482 hac
909 1413 1145 1503 retardetur,
1165 1430 1207 1487 et
1219 1415 1312 1514 quod

309 1534 573 1632 consequitur,
591 1529 822 1617 cumuletur;
834 1530 1049 1603 cumulatus
1062 1546 1194 1604 autem
1211 1532 1313 1607 fibras

307 1653 522 1724 tunicarum
540 1649 621 1743 ejus
637 1643 805 1718 infirmet
826 1671 869 1717 ac
893 1645 1092 1752 distrahat,
1120 1650 1233 1722 unde
1256 1675 1310 1722 ur·

310 1785 419 1869 gente
439 1766 633 1865 sauguinis
649 1763 773 1861 copia,
794 1757 960 1862 primurn
981 1787 1076 1836 vena
1092 1766 1134 1837 in
1155 1771 1311 1841 varicem

309 1888 502 1970 dilatetur,
518 1880 655 1954 deinde
672 1905 764 1952 vero
780 1880 831 1951 ob
848 1882 1062 1953 tunicarum
1081 1887 1311 1958 extenuatio·

307 2029 416 2090 nem,
437 1999 519 2100 quae¹
546 1999 803 2071 dilatationem
822 1998 1011 2096 sequitur,
1041 2014 1107 2072 aut
1135 2003 1251 2072 ctiam
1268 2002 1309 2074 oh

308 2123 518 2194 erosionem
543 2141 625 2215 quae
648 2114 884 2187 distractioni
907 2111 985 2189 fere
1000 2117 1190 2208 succedit,
1214 2144 1310 2190 rum·
1391 2145 1392 2154 ¹

307 2255 429 2339 patur.
440 2236 511 2310 Sed
520 2235 662 2307 varices
677 2257 789 2322 cavae,
803 2233 875 2304 nisi
887 2233 1071 2307 immanes
1082 2236 1181 2321 sint,
1193 2239 1309 2309 minus

307 2349 1309 2452 incurruntinoculosdissecantisquamaneurysmata

308 2489 438 2559 aortae3
459 2495 560 2541 venae
575 2470 675 2540 enim
693 2483 852 2567 propter
863 2469 1076 2540 tunicarum
1092 2474 1305 2544 tenuitatem

308 2589 515 2663 concidunt
525 2585 717 2658 subtracto
731 2587 929 2685 sanguine,
949 2586 1052 2684 quod
1066 2589 1157 2660 cava
1172 2591 1214 2660 in
1227 2614 1306 2661 ven·
1387 2613 1388 2618 ¹

306 2725 364 2809 tre
383 2707 514 2791 incisa,
531 2702 675 2776 accidit.
688 2703 1049 2794 Quamohrcmcum
1062 2706 1246 2778 vitiorum
1255 2731 1307 2778 ca-

305 2851 359 2899 vae
378 2823 544 2921 suspicio
563 2837 636 2909 est,
652 2821 917 2918 dissectionem
935 2822 1127 2896 athorace
1140 2825 1304 2924 incipies:

305 2959 370 3018 aut
387 2943 417 3015 si
437 2939 533 3012 forte
549 2940 698 3037 sanguis
713 2938 891 3011 cadavere
908 2938 955 3010 ab
978 2940 1059 3011 aliis
1078 2957 1192 3014 antea
1208 2967 1304 3041 pers·
1383 2923 1385 3014 Ῐ

276 3086 279 3092 ’
304 3077 437 3162 pecto,
455 3075 492 3130 et
513 3056 719 3132 visceribus
735 3057 877 3130 ventris
903 3058 1076 3130 extractis
1094 3058 1304 3148 defluxerit;
1382 3133 1383 3173 ,

303 3204 404 3277 aqua
412 3191 480 3249 ¹aut
493 3201 578 3248 aere
588 3173 713 3274 quoad
731 3174 812 3270 ejus
825 3175 911 3248 satis
924 3175 1129 3271 estinJecto
1140 3178 1303 3261 curabis,

304 3311 347 3366 ut
377 3320 458 3392 quae
482 3317 578 3363 cavae
610 3289 723 3363 fuerit
747 3290 906 3362 latitudo
932 3303 1170 3390 cognoscas:
1196 3295 1304 3391 idque
1380 3303 1381 3312 ’

302 3412 509 3513 presertim
526 3432 614 3479 cum
631 3406 801 3479 dexteras
811 3406 942 3478 cordis
962 3393 1092 3482 caveas
1108 3409 1227 3480 nimia
1247 3421 1302 3482 aut
