<?xml version="1.0" encoding="UTF-8"?>
<!DOCTYPE html PUBLIC "-//W3C//DTD XHTML 1.0 Transitional//EN"
    "http://www.w3.org/TR/xhtml1/DTD/xhtml1-transitional.dtd">
<html xmlns="http://www.w3.org/1999/xhtml" xml:lang="en" lang="en">
 <head>
  <title>
</title>
<meta http-equiv="Content-Type" content="text/html;charset=utf-8" />
  <meta name='ocr-system' content='tesseract 3.04.00' />
  <meta name='ocr-capabilities' content='ocr_page ocr_carea ocr_par ocr_line ocrx_word'/>
</head>
<body>
  <div class='ocr_page' id='page_1' title='image "./desedibusetcaus01adelgoog_0235.png"; bbox 0 0 2808 4664; ppageno 0'>
   <div class='ocr_carea' id='block_1_1' title="bbox 314 495 1144 578">
    <p class='ocr_par' dir='ltr' id='par_1_1' title="bbox 314 495 1144 578">
     <span class='ocr_line' id='line_1_1' title="bbox 314 495 1144 578; baseline -0.006 -14"><span class='ocrx_word' id='word_1_1' title='bbox 314 495 381 578; x_wconf 69' lang='lat' dir='ltr'><strong>ada</strong></span> <span class='ocrx_word' id='word_1_2' title='bbox 477 513 523 558; x_wconf 81' lang='lat' dir='ltr'><strong>na</strong></span> <span class='ocrx_word' id='word_1_3' title='bbox 549 508 694 560; x_wconf 80' lang='lat' dir='ltr'><strong>sumnus</strong></span> <span class='ocrx_word' id='word_1_4' title='bbox 718 511 761 556; x_wconf 79' lang='lat' dir='ltr'><strong>er</strong></span> <span class='ocrx_word' id='word_1_5' title='bbox 787 509 910 559; x_wconf 73' lang='lat' dir='ltr'><strong>causis</strong></span> <span class='ocrx_word' id='word_1_6' title='bbox 935 509 1144 558; x_wconf 79' lang='lat' dir='ltr'><strong>monnouuu</strong></span> 
     </span>
    </p>
   </div>
   <div class='ocr_carea' id='block_1_2' title="bbox 223 611 1314 1075">
    <p class='ocr_par' dir='ltr' id='par_1_2' title="bbox 223 611 1314 1075">
     <span class='ocr_line' id='line_1_2' title="bbox 310 611 1313 721; baseline 0.005 -26"><span class='ocrx_word' id='word_1_7' title='bbox 310 626 399 700; x_wconf 86' lang='lat' dir='ltr'><strong>viris</strong></span> <span class='ocrx_word' id='word_1_8' title='bbox 423 611 547 696; x_wconf 80' lang='lat' dir='ltr'><strong>autem</strong></span> <span class='ocrx_word' id='word_1_9' title='bbox 570 648 656 694; x_wconf 91' lang='lat' dir='ltr'><strong>cum</strong></span> <span class='ocrx_word' id='word_1_10' title='bbox 678 621 786 721; x_wconf 85' lang='lat' dir='ltr'><strong>plura</strong></span> <span class='ocrx_word' id='word_1_11' title='bbox 812 637 848 694; x_wconf 91' lang='lat' dir='ltr'><strong>et</strong></span> <span class='ocrx_word' id='word_1_12' title='bbox 868 624 967 704; x_wconf 73' lang='lat' dir='ltr'><strong>varia</strong></span> <span class='ocrx_word' id='word_1_13' title='bbox 986 624 1313 716; x_wconf 87' lang='lat' dir='ltr'><strong>animadverterit,</strong></span> 
     </span>
     <span class='ocr_line' id='line_1_3' title="bbox 311 739 1314 841; baseline 0.001 -25"><span class='ocrx_word' id='word_1_14' title='bbox 311 742 447 816; x_wconf 79' lang='lat' dir='ltr'><strong>frustra</strong></span> <span class='ocrx_word' id='word_1_15' title='bbox 473 766 515 814; x_wconf 89' lang='lat' dir='ltr'><strong>ea</strong></span> <span class='ocrx_word' id='word_1_16' title='bbox 536 742 697 838; x_wconf 85' lang='lat' dir='ltr'><strong>releges,</strong></span> <span class='ocrx_word' id='word_1_17' title='bbox 719 755 762 812; x_wconf 91' lang='lat' dir='ltr'><strong>ut</strong></span> <span class='ocrx_word' id='word_1_18' title='bbox 787 739 833 812; x_wconf 92' lang='lat' dir='ltr'><strong>de</strong></span> <span class='ocrx_word' id='word_1_19' title='bbox 854 739 1097 838; x_wconf 84' lang='lat' dir='ltr'><strong>palpitatione</strong></span> <span class='ocrx_word' id='word_1_20' title='bbox 1122 757 1160 812; x_wconf 90' lang='lat' dir='ltr'><strong>et</strong></span> <span class='ocrx_word' id='word_1_21' title='bbox 1181 742 1230 814; x_wconf 87' lang='lat' dir='ltr'><strong>de</strong></span> <span class='ocrx_word' id='word_1_22' title='bbox 1250 769 1314 841; x_wconf 90' lang='lat' dir='ltr'><strong>pe·</strong></span> 
     </span>
     <span class='ocr_line' id='line_1_4' title="bbox 311 857 1313 957; baseline 0.001 -25"><span class='ocrx_word' id='word_1_23' title='bbox 311 859 513 935; x_wconf 86' lang='lat' dir='ltr'><strong>euliaribu&#39;s</strong></span> <span class='ocrx_word' id='word_1_24' title='bbox 529 857 709 957; x_wconf 90' lang='lat' dir='ltr'><strong>pulsuum</strong></span> <span class='ocrx_word' id='word_1_25' title='bbox 726 858 824 930; x_wconf 85' lang='lat' dir='ltr'><strong>vitiis</strong></span> <span class='ocrx_word' id='word_1_26' title='bbox 842 858 1048 954; x_wconf 86' lang='lat' dir='ltr'><strong>quidquam</strong></span> <span class='ocrx_word' id='word_1_27' title='bbox 1067 860 1260 956; x_wconf 84' lang='lat' dir='ltr'><strong>reperias:</strong></span> <span class='ocrx_word' id='word_1_28' title='bbox 1278 879 1313 933; x_wconf 82' lang='lat' dir='ltr'><strong>et</strong></span> 
     </span>
     <span class='ocr_line' id='line_1_5' title="bbox 223 969 1311 1075; baseline -0.003 -23"><span class='ocrx_word' id='word_1_29' title='bbox 223 969 227 980; x_wconf 69' lang='grc'>’</span> <span class='ocrx_word' id='word_1_30' title='bbox 308 996 435 1052; x_wconf 88' lang='lat' dir='ltr'><strong>tamen</strong></span> <span class='ocrx_word' id='word_1_31' title='bbox 452 975 704 1075; x_wconf 88' lang='lat' dir='ltr'><strong>pericardium</strong></span> <span class='ocrx_word' id='word_1_32' title='bbox 722 999 800 1046; x_wconf 89' lang='lat' dir='ltr'><strong>uon</strong></span> <span class='ocrx_word' id='word_1_33' title='bbox 823 975 939 1046; x_wconf 93' lang='lat' dir='ltr'><strong>modo</strong></span> <span class='ocrx_word' id='word_1_34' title='bbox 953 974 1124 1072; x_wconf 90' lang='lat' dir='ltr'><strong>undique</strong></span> <span class='ocrx_word' id='word_1_35' title='bbox 1145 977 1256 1048; x_wconf 90' lang='lat' dir='ltr'><strong>cordi</strong></span> <span class='ocrx_word' id='word_1_36' title='bbox 1274 981 1311 1050; x_wconf 92' lang='lat' dir='ltr'><strong>in</strong></span> 
     </span>
    </p>
   </div>
   <div class='ocr_carea' id='block_1_3' title="bbox 199 1091 1310 1184">
    <p class='ocr_par' dir='ltr' id='par_1_3' title="bbox 199 1091 1310 1184">
     <span class='ocr_line' id='line_1_6' title="bbox 199 1091 1310 1184; baseline -0.001 -16"><span class='ocrx_word' id='word_1_37' title='bbox 199 1099 201 1104; x_wconf 77' lang='grc'>’</span> <span class='ocrx_word' id='word_1_38' title='bbox 308 1097 368 1171; x_wconf 92' lang='lat' dir='ltr'><strong>his</strong></span> <span class='ocrx_word' id='word_1_39' title='bbox 384 1093 561 1172; x_wconf 90' lang='lat' dir='ltr'><strong>omnibus</strong></span> <span class='ocrx_word' id='word_1_40' title='bbox 575 1091 800 1180; x_wconf 68' lang='lat' dir='ltr'><strong>adherebat,</strong></span> <span class='ocrx_word' id='word_1_41' title='bbox 815 1092 929 1166; x_wconf 89' lang='lat' dir='ltr'><strong>sedin</strong></span> <span class='ocrx_word' id='word_1_42' title='bbox 942 1117 1074 1164; x_wconf 90' lang='lat' dir='ltr'><strong>eorum</strong></span> <span class='ocrx_word' id='word_1_43' title='bbox 1091 1093 1235 1184; x_wconf 90' lang='lat' dir='ltr'><strong>altero,</strong></span> <span class='ocrx_word' id='word_1_44' title='bbox 1250 1099 1310 1168; x_wconf 87' lang='lat' dir='ltr'><strong>cui</strong></span> 
     </span>
    </p>
   </div>
   <div class='ocr_carea' id='block_1_4' title="bbox 232 1207 1311 3540">
    <p class='ocr_par' dir='ltr' id='par_1_4' title="bbox 232 1207 1311 3540">
     <span class='ocr_line' id='line_1_7' title="bbox 307 1207 1311 1313; baseline -0.002 -27"><span class='ocrx_word' id='word_1_45' title='bbox 307 1215 471 1313; x_wconf 80' lang='lat' dir='ltr'><strong>pectoris</strong></span> <span class='ocrx_word' id='word_1_46' title='bbox 488 1211 657 1310; x_wconf 88' lang='lat' dir='ltr'><strong>angustia</strong></span> <span class='ocrx_word' id='word_1_47' title='bbox 676 1207 795 1282; x_wconf 85' lang='lat' dir='ltr'><strong>fuerat</strong></span> <span class='ocrx_word' id='word_1_48' title='bbox 808 1210 947 1308; x_wconf 91' lang='lat' dir='ltr'><strong>(quam</strong></span> <span class='ocrx_word' id='word_1_49' title='bbox 963 1211 992 1282; x_wconf 89' lang='lat' dir='ltr'><strong>si</strong></span> <span class='ocrx_word' id='word_1_50' title='bbox 1009 1211 1093 1308; x_wconf 92' lang='lat' dir='ltr'><strong>quis</strong></span> <span class='ocrx_word' id='word_1_51' title='bbox 1103 1211 1234 1301; x_wconf 84' lang='lat' dir='ltr'><strong>malit,</strong></span> <span class='ocrx_word' id='word_1_52' title='bbox 1252 1237 1311 1284; x_wconf 89' lang='lat' dir='ltr'><strong>re·</strong></span> 
     </span>
     <span class='ocr_line' id='line_1_8' title="bbox 307 1327 1310 1428; baseline 0.001 -26"><span class='ocrx_word' id='word_1_53' title='bbox 307 1329 404 1404; x_wconf 86' lang='lat' dir='ltr'><strong>ferre</strong></span> <span class='ocrx_word' id='word_1_54' title='bbox 426 1330 499 1408; x_wconf 91' lang='lat' dir='ltr'><strong>alio</strong></span> <span class='ocrx_word' id='word_1_55' title='bbox 523 1329 689 1428; x_wconf 86' lang='lat' dir='ltr'><strong>potest),</strong></span> <span class='ocrx_word' id='word_1_56' title='bbox 707 1343 786 1402; x_wconf 82' lang='lat' dir='ltr'><strong>erat</strong></span> <span class='ocrx_word' id='word_1_57' title='bbox 809 1344 986 1426; x_wconf 72' lang='lat' dir='ltr'><strong>praeterea</strong></span> <span class='ocrx_word' id='word_1_58' title='bbox 1011 1327 1099 1402; x_wconf 88' lang='lat' dir='ltr'><strong>alibi</strong></span> <span class='ocrx_word' id='word_1_59' title='bbox 1126 1331 1310 1402; x_wconf 86' lang='lat' dir='ltr'><strong>crassissi-</strong></span> 
     </span>
     <span class='ocr_line' id='line_1_9' title="bbox 308 1445 1310 1544; baseline 0.002 -27"><span class='ocrx_word' id='word_1_60' title='bbox 308 1472 432 1536; x_wconf 89' lang='lat' dir='ltr'><strong>mum,</strong></span> <span class='ocrx_word' id='word_1_61' title='bbox 447 1446 535 1520; x_wconf 86' lang='lat' dir='ltr'><strong>alibi</strong></span> <span class='ocrx_word' id='word_1_62' title='bbox 549 1447 661 1518; x_wconf 88' lang='lat' dir='ltr'><strong>etiam</strong></span> <span class='ocrx_word' id='word_1_63' title='bbox 672 1445 965 1543; x_wconf 85' lang='lat' dir='ltr'><strong>cartilagiueum.</strong></span> <span class='ocrx_word' id='word_1_64' title='bbox 980 1449 1058 1542; x_wconf 84' lang='lat' dir='ltr'><strong>Ego</strong></span> <span class='ocrx_word' id='word_1_65' title='bbox 1069 1470 1163 1516; x_wconf 82' lang='lat' dir='ltr'><strong>vero</strong></span> <span class='ocrx_word' id='word_1_66' title='bbox 1174 1447 1310 1544; x_wconf 84' lang='lat' dir='ltr'><strong>septies</strong></span> 
     </span>
     <span class='ocr_line' id='line_1_10' title="bbox 304 1561 1309 1660; baseline -0.007 -17"><span class='ocrx_word' id='word_1_67' title='bbox 304 1565 434 1643; x_wconf 79' lang='lat' dir='ltr'><strong>inveni</strong></span> <span class='ocrx_word' id='word_1_68' title='bbox 453 1563 559 1637; x_wconf 90' lang='lat' dir='ltr'><strong>cordi</strong></span> <span class='ocrx_word' id='word_1_69' title='bbox 574 1563 785 1652; x_wconf 83' lang='lat' dir='ltr'><strong>adhaerens,</strong></span> <span class='ocrx_word' id='word_1_70' title='bbox 805 1577 842 1634; x_wconf 89' lang='lat' dir='ltr'><strong>et</strong></span> <span class='ocrx_word' id='word_1_71' title='bbox 862 1561 1016 1660; x_wconf 89' lang='lat' dir='ltr'><strong>quidem</strong></span> <span class='ocrx_word' id='word_1_72' title='bbox 1026 1561 1222 1660; x_wconf 78' lang='lat' dir='ltr'><strong>undique.</strong></span> <span class='ocrx_word' id='word_1_73' title='bbox 1238 1569 1309 1636; x_wconf 89' lang='lat' dir='ltr'><strong>Cu·</strong></span> 
     </span>
     <span class='ocr_line' id='line_1_11' title="bbox 303 1678 1308 1779; baseline -0.003 -25"><span class='ocrx_word' id='word_1_74' title='bbox 303 1682 468 1779; x_wconf 81' lang='lat' dir='ltr'><strong>jusmodi</strong></span> <span class='ocrx_word' id='word_1_75' title='bbox 484 1681 726 1755; x_wconf 85' lang='lat' dir='ltr'><strong>historiarum</strong></span> <span class='ocrx_word' id='word_1_76' title='bbox 745 1695 911 1778; x_wconf 89' lang='lat' dir='ltr'><strong>quatuor</strong></span> <span class='ocrx_word' id='word_1_77' title='bbox 922 1678 969 1754; x_wconf 89' lang='lat' dir='ltr'><strong>ad</strong></span> <span class='ocrx_word' id='word_1_78' title='bbox 986 1693 1021 1752; x_wconf 90' lang='lat' dir='ltr'><strong>te</strong></span> <span class='ocrx_word' id='word_1_79' title='bbox 1036 1679 1126 1752; x_wconf 88' lang='lat' dir='ltr'><strong>alias</strong></span> <span class='ocrx_word' id='word_1_80' title='bbox 1141 1679 1308 1779; x_wconf 84' lang='lat' dir='ltr'><strong>descrip-</strong></span> 
     </span>
     <span class='ocr_line' id='line_1_12' title="bbox 304 1796 1307 1896; baseline -0.006 -20"><span class='ocrx_word' id='word_1_81' title='bbox 304 1813 361 1876; x_wconf 80' lang='lat' dir='ltr'><strong>tas</strong></span> <span class='ocrx_word' id='word_1_82' title='bbox 373 1800 473 1888; x_wconf 87' lang='lat' dir='ltr'><strong>misi,</strong></span> <span class='ocrx_word' id='word_1_83' title='bbox 487 1796 680 1871; x_wconf 82' lang='lat' dir='ltr'><strong>stabularii</strong></span> <span class='ocrx_word' id='word_1_84' title='bbox 694 1796 761 1894; x_wconf 89' lang='lat'>(1),</span> <span class='ocrx_word' id='word_1_85' title='bbox 779 1797 974 1896; x_wconf 88' lang='lat' dir='ltr'><strong>piscatoris</strong></span> <span class='ocrx_word' id='word_1_86' title='bbox 986 1797 1067 1894; x_wconf 80' lang='lat' dir='ltr'><strong>(a),</strong></span> <span class='ocrx_word' id='word_1_87' title='bbox 1076 1797 1307 1895; x_wconf 63' lang='lat' dir='ltr'><strong>lanioniq3)‚</strong></span> 
     </span>
     <span class='ocr_line' id='line_1_13' title="bbox 305 1915 1306 2012; baseline -0.006 -20"><span class='ocrx_word' id='word_1_88' title='bbox 305 1932 343 1992; x_wconf 88' lang='lat' dir='ltr'><strong>et</strong></span> <span class='ocrx_word' id='word_1_89' title='bbox 371 1918 529 1992; x_wconf 87' lang='lat' dir='ltr'><strong>telarum</strong></span> <span class='ocrx_word' id='word_1_90' title='bbox 554 1916 745 1988; x_wconf 87' lang='lat' dir='ltr'><strong>lanearum</strong></span> <span class='ocrx_word' id='word_1_91' title='bbox 765 1917 929 1988; x_wconf 87' lang='lat' dir='ltr'><strong>tonsoris</strong></span> <span class='ocrx_word' id='word_1_92' title='bbox 955 1915 1027 2012; x_wconf 72' lang='lat'><strong>(4)</strong></span> <span class='ocrx_word' id='word_1_93' title='bbox 1046 1941 1054 1984; x_wconf 92' lang='lat'>:</span> <span class='ocrx_word' id='word_1_94' title='bbox 1075 1917 1114 1984; x_wconf 89' lang='lat' dir='ltr'><strong>in</strong></span> <span class='ocrx_word' id='word_1_95' title='bbox 1141 1939 1306 2011; x_wconf 90' lang='lat' dir='ltr'><strong>quorum</strong></span> 
     </span>
     <span class='ocr_line' id='line_1_14' title="bbox 304 2029 1306 2132; baseline -0.008 -20"><span class='ocrx_word' id='word_1_96' title='bbox 304 2035 412 2112; x_wconf 86' lang='lat' dir='ltr'><strong>nullo</strong></span> <span class='ocrx_word' id='word_1_97' title='bbox 428 2059 481 2121; x_wconf 86' lang='lat' dir='ltr'><strong>au¹</strong></span> <span class='ocrx_word' id='word_1_98' title='bbox 495 2057 561 2106; x_wconf 89' lang='lat' dir='ltr'><strong>cor</strong></span> <span class='ocrx_word' id='word_1_99' title='bbox 574 2034 807 2132; x_wconf 87' lang='lat' dir='ltr'><strong>palpitasset‚</strong></span> <span class='ocrx_word' id='word_1_100' title='bbox 824 2057 949 2130; x_wconf 88' lang='lat' dir='ltr'><strong>neque</strong></span> <span class='ocrx_word' id='word_1_101' title='bbox 970 2057 1018 2103; x_wconf 91' lang='lat' dir='ltr'><strong>an</strong></span> <span class='ocrx_word' id='word_1_102' title='bbox 1037 2029 1196 2104; x_wconf 83' lang='lat' dir='ltr'><strong>fuissent</strong></span> <span class='ocrx_word' id='word_1_103' title='bbox 1216 2057 1306 2130; x_wconf 65' lang='lat' dir='ltr'><strong>prae</strong></span> 
     </span>
     <span class='ocr_line' id='line_1_15' title="bbox 232 2149 1306 2249; baseline -0.004 -25"><span class='ocrx_word' id='word_1_104' title='bbox 232 2221 234 2224; x_wconf 83' lang='lat'>.</span> <span class='ocrx_word' id='word_1_105' title='bbox 306 2151 523 2226; x_wconf 91' lang='lat' dir='ltr'><strong>cordiorum</strong></span> <span class='ocrx_word' id='word_1_106' title='bbox 537 2152 734 2249; x_wconf 82' lang='lat' dir='ltr'><strong>angustiae,</strong></span> <span class='ocrx_word' id='word_1_107' title='bbox 752 2165 789 2223; x_wconf 85' lang='lat' dir='ltr'><strong>et</strong></span> <span class='ocrx_word' id='word_1_108' title='bbox 804 2151 982 2249; x_wconf 92' lang='lat' dir='ltr'><strong>pulsuum</strong></span> <span class='ocrx_word' id='word_1_109' title='bbox 999 2150 1103 2237; x_wconf 86' lang='lat' dir='ltr'><strong>vitia,</strong></span> <span class='ocrx_word' id='word_1_110' title='bbox 1123 2149 1220 2222; x_wconf 87' lang='lat' dir='ltr'><strong>scire</strong></span> <span class='ocrx_word' id='word_1_111' title='bbox 1238 2175 1306 2248; x_wconf 92' lang='lat' dir='ltr'><strong>po·</strong></span> 
     </span>
     <span class='ocr_line' id='line_1_16' title="bbox 305 2266 1304 2371; baseline -0.002 -31"><span class='ocrx_word' id='word_1_112' title='bbox 305 2269 466 2354; x_wconf 81' lang='lat' dir='ltr'><strong>tuimus3</strong></span> <span class='ocrx_word' id='word_1_113' title='bbox 483 2289 553 2340; x_wconf 90' lang='lat' dir='ltr'><strong>nec</strong></span> <span class='ocrx_word' id='word_1_114' title='bbox 572 2270 733 2357; x_wconf 89' lang='lat' dir='ltr'><strong>mirum,</strong></span> <span class='ocrx_word' id='word_1_115' title='bbox 753 2292 839 2339; x_wconf 91' lang='lat' dir='ltr'><strong>cum</strong></span> <span class='ocrx_word' id='word_1_116' title='bbox 855 2267 956 2340; x_wconf 85' lang='lat' dir='ltr'><strong>lanio</strong></span> <span class='ocrx_word' id='word_1_117' title='bbox 971 2282 1066 2371; x_wconf 70' lang='lat' dir='ltr'><strong>esset</strong></span> <span class='ocrx_word' id='word_1_118' title='bbox 1078 2266 1236 2356; x_wconf 86' lang='lat' dir='ltr'><strong>stultus,</strong></span> <span class='ocrx_word' id='word_1_119' title='bbox 1253 2292 1304 2338; x_wconf 76' lang='lat' dir='ltr'><strong>re</strong></span> 
     </span>
     <span class='ocr_line' id='line_1_17' title="bbox 303 2383 1304 2484; baseline -0.002 -26"><span class='ocrx_word' id='word_1_120' title='bbox 303 2383 398 2482; x_wconf 88' lang='lat' dir='ltr'><strong>liqui</strong></span> <span class='ocrx_word' id='word_1_121' title='bbox 413 2399 539 2458; x_wconf 90' lang='lat' dir='ltr'><strong>autem</strong></span> <span class='ocrx_word' id='word_1_122' title='bbox 558 2385 651 2458; x_wconf 90' lang='lat' dir='ltr'><strong>alius</strong></span> <span class='ocrx_word' id='word_1_123' title='bbox 662 2386 732 2456; x_wconf 87' lang='lat' dir='ltr'><strong>alia</strong></span> <span class='ocrx_word' id='word_1_124' title='bbox 747 2406 856 2458; x_wconf 89' lang='lat' dir='ltr'><strong>causa</strong></span> <span class='ocrx_word' id='word_1_125' title='bbox 873 2386 1075 2484; x_wconf 87' lang='lat' dir='ltr'><strong>repentino</strong></span> <span class='ocrx_word' id='word_1_126' title='bbox 1088 2383 1227 2455; x_wconf 90' lang='lat' dir='ltr'><strong>morbo</strong></span> <span class='ocrx_word' id='word_1_127' title='bbox 1249 2408 1304 2456; x_wconf 88' lang='lat' dir='ltr'><strong>su·</strong></span> 
     </span>
     <span class='ocr_line' id='line_1_18' title="bbox 304 2501 1305 2602; baseline 0 -28"><span class='ocrx_word' id='word_1_128' title='bbox 304 2501 423 2574; x_wconf 90' lang='lat' dir='ltr'><strong>blati:</strong></span> <span class='ocrx_word' id='word_1_129' title='bbox 449 2527 666 2601; x_wconf 88' lang='lat' dir='ltr'><strong>quanquam</strong></span> <span class='ocrx_word' id='word_1_130' title='bbox 685 2507 725 2575; x_wconf 89' lang='lat' dir='ltr'><strong>in</strong></span> <span class='ocrx_word' id='word_1_131' title='bbox 747 2522 904 2578; x_wconf 87' lang='lat' dir='ltr'><strong>tonsore</strong></span> <span class='ocrx_word' id='word_1_132' title='bbox 929 2529 1130 2602; x_wconf 79' lang='lat' dir='ltr'><strong>magnum,</strong></span> <span class='ocrx_word' id='word_1_133' title='bbox 1158 2518 1198 2576; x_wconf 86' lang='lat' dir='ltr'><strong>et</strong></span> <span class='ocrx_word' id='word_1_134' title='bbox 1218 2506 1305 2576; x_wconf 87' lang='lat' dir='ltr'><strong>vici·</strong></span> 
     </span>
     <span class='ocr_line' id='line_1_19' title="bbox 304 2611 1302 2719; baseline 0.002 -27"><span class='ocrx_word' id='word_1_135' title='bbox 304 2645 397 2700; x_wconf 87' lang='lat' dir='ltr'><strong>num</strong></span> <span class='ocrx_word' id='word_1_136' title='bbox 413 2611 766 2719; x_wconf 82' lang='lat' dir='ltr'><strong>cordi,aneurysma</strong></span> <span class='ocrx_word' id='word_1_137' title='bbox 779 2647 858 2694; x_wconf 90' lang='lat' dir='ltr'><strong>rem</strong></span> <span class='ocrx_word' id='word_1_138' title='bbox 881 2623 1034 2700; x_wconf 89' lang='lat' dir='ltr'><strong>dubiam</strong></span> <span class='ocrx_word' id='word_1_139' title='bbox 1052 2621 1302 2710; x_wconf 87' lang='lat' dir='ltr'><strong>reddidisset,</strong></span> 
     </span>
     <span class='ocr_line' id='line_1_20' title="bbox 305 2738 1303 2838; baseline 0.002 -30"><span class='ocrx_word' id='word_1_140' title='bbox 305 2739 507 2836; x_wconf 86' lang='lat' dir='ltr'><strong>praesertim</strong></span> <span class='ocrx_word' id='word_1_141' title='bbox 528 2763 614 2812; x_wconf 91' lang='lat' dir='ltr'><strong>cum</strong></span> <span class='ocrx_word' id='word_1_142' title='bbox 628 2739 878 2838; x_wconf 87' lang='lat' dir='ltr'><strong>pericardium</strong></span> <span class='ocrx_word' id='word_1_143' title='bbox 894 2763 971 2811; x_wconf 88' lang='lat' dir='ltr'><strong>non</strong></span> <span class='ocrx_word' id='word_1_144' title='bbox 988 2763 1057 2838; x_wconf 91' lang='lat' dir='ltr'><strong>per</strong></span> <span class='ocrx_word' id='word_1_145' title='bbox 1071 2763 1109 2811; x_wconf 90' lang='lat' dir='ltr'><strong>se</strong></span> <span class='ocrx_word' id='word_1_146' title='bbox 1127 2738 1236 2810; x_wconf 81' lang='lat' dir='ltr'><strong>cordi</strong></span> <span class='ocrx_word' id='word_1_147' title='bbox 1253 2763 1303 2810; x_wconf 73' lang='lat' dir='ltr'><strong>es</strong></span> 
     </span>
     <span class='ocr_line' id='line_1_21' title="bbox 304 2855 1303 2954; baseline -0.002 -26"><span class='ocrx_word' id='word_1_148' title='bbox 304 2869 360 2928; x_wconf 91' lang='lat' dir='ltr'><strong>set</strong></span> <span class='ocrx_word' id='word_1_149' title='bbox 376 2880 584 2942; x_wconf 83' lang='lat' dir='ltr'><strong>annexum,</strong></span> <span class='ocrx_word' id='word_1_150' title='bbox 603 2855 669 2929; x_wconf 91' lang='lat' dir='ltr'><strong>sed</strong></span> <span class='ocrx_word' id='word_1_151' title='bbox 688 2881 757 2954; x_wconf 89' lang='lat' dir='ltr'><strong>per</strong></span> <span class='ocrx_word' id='word_1_152' title='bbox 774 2881 964 2928; x_wconf 88' lang='lat' dir='ltr'><strong>mucosam</strong></span> <span class='ocrx_word' id='word_1_153' title='bbox 984 2857 1191 2928; x_wconf 89' lang='lat' dir='ltr'><strong>materiam.</strong></span> <span class='ocrx_word' id='word_1_154' title='bbox 1210 2857 1303 2926; x_wconf 85' lang='lat' dir='ltr'><strong>Atin</strong></span> 
     </span>
     <span class='ocr_line' id='line_1_22' title="bbox 304 2973 1303 3071; baseline 0.001 -28"><span class='ocrx_word' id='word_1_155' title='bbox 304 2973 488 3070; x_wconf 85' lang='lat' dir='ltr'><strong>piscatore</strong></span> <span class='ocrx_word' id='word_1_156' title='bbox 505 2987 650 3060; x_wconf 84' lang='lat' dir='ltr'><strong>tamen,</strong></span> <span class='ocrx_word' id='word_1_157' title='bbox 675 2987 714 3044; x_wconf 87' lang='lat' dir='ltr'><strong>et</strong></span> <span class='ocrx_word' id='word_1_158' title='bbox 731 2973 956 3063; x_wconf 85' lang='lat' dir='ltr'><strong>stabulario,</strong></span> <span class='ocrx_word' id='word_1_159' title='bbox 971 2997 1135 3071; x_wconf 88' lang='lat' dir='ltr'><strong>quorum</strong></span> <span class='ocrx_word' id='word_1_160' title='bbox 1153 2974 1303 3069; x_wconf 83' lang='lat' dir='ltr'><strong>utrique</strong></span> 
     </span>
     <span class='ocr_line' id='line_1_23' title="bbox 303 3089 1302 3189; baseline 0 -29"><span class='ocrx_word' id='word_1_161' title='bbox 303 3114 383 3160; x_wconf 90' lang='lat' dir='ltr'><strong>non</strong></span> <span class='ocrx_word' id='word_1_162' title='bbox 397 3113 504 3164; x_wconf 89' lang='lat' dir='ltr'><strong>secus</strong></span> <span class='ocrx_word' id='word_1_163' title='bbox 517 3115 559 3162; x_wconf 90' lang='lat' dir='ltr'><strong>ac</strong></span> <span class='ocrx_word' id='word_1_164' title='bbox 576 3089 735 3177; x_wconf 87' lang='lat' dir='ltr'><strong>lanioni,</strong></span> <span class='ocrx_word' id='word_1_165' title='bbox 751 3114 819 3188; x_wconf 90' lang='lat' dir='ltr'><strong>per</strong></span> <span class='ocrx_word' id='word_1_166' title='bbox 834 3115 873 3163; x_wconf 88' lang='lat' dir='ltr'><strong>se</strong></span> <span class='ocrx_word' id='word_1_167' title='bbox 886 3091 1113 3170; x_wconf 76' lang='lat' dir='ltr'><strong>adhaerebat,</strong></span> <span class='ocrx_word' id='word_1_168' title='bbox 1127 3105 1165 3162; x_wconf 85' lang='lat' dir='ltr'><strong>et</strong></span> <span class='ocrx_word' id='word_1_169' title='bbox 1178 3092 1220 3161; x_wconf 92' lang='lat' dir='ltr'><strong>in</strong></span> <span class='ocrx_word' id='word_1_170' title='bbox 1233 3091 1302 3189; x_wconf 89' lang='lat' dir='ltr'><strong>pri·</strong></span> 
     </span>
     <span class='ocr_line' id='line_1_24' title="bbox 257 3205 1302 3301; baseline 0.005 -27"><span class='ocrx_word' id='word_1_171' title='bbox 257 3219 261 3230; x_wconf 87' lang='lat'>&#39;</span> <span class='ocrx_word' id='word_1_172' title='bbox 303 3229 366 3274; x_wconf 95' lang='lat' dir='ltr'><strong>mo</strong></span> <span class='ocrx_word' id='word_1_173' title='bbox 383 3205 536 3301; x_wconf 88' lang='lat' dir='ltr'><strong>quidem</strong></span> <span class='ocrx_word' id='word_1_174' title='bbox 550 3222 650 3278; x_wconf 84' lang='lat' dir='ltr'><strong>nrete</strong></span> <span class='ocrx_word' id='word_1_175' title='bbox 660 3207 776 3296; x_wconf 88' lang='lat' dir='ltr'><strong>adeo,</strong></span> <span class='ocrx_word' id='word_1_176' title='bbox 793 3222 836 3279; x_wconf 94' lang='lat' dir='ltr'><strong>ut</strong></span> <span class='ocrx_word' id='word_1_177' title='bbox 855 3211 933 3283; x_wconf 87' lang='lat' dir='ltr'><strong>sine</strong></span> <span class='ocrx_word' id='word_1_178' title='bbox 944 3206 1302 3279; x_wconf 76' lang='lat' dir='ltr'><strong>cordislaceratione</strong></span> 
     </span>
     <span class='ocr_line' id='line_1_25' title="bbox 303 3320 1302 3422; baseline 0.004 -30"><span class='ocrx_word' id='word_1_179' title='bbox 303 3320 410 3395; x_wconf 85' lang='lat' dir='ltr'><strong>avelli</strong></span> <span class='ocrx_word' id='word_1_180' title='bbox 422 3347 502 3394; x_wconf 93' lang='lat' dir='ltr'><strong>non</strong></span> <span class='ocrx_word' id='word_1_181' title='bbox 516 3337 658 3420; x_wconf 85' lang='lat' dir='ltr'><strong>posset,</strong></span> <span class='ocrx_word' id='word_1_182' title='bbox 669 3323 771 3402; x_wconf 81' lang='lat' dir='ltr'><strong>haud</strong></span> <span class='ocrx_word' id='word_1_183' title='bbox 784 3322 889 3398; x_wconf 82' lang='lat' dir='ltr'><strong>facile</strong></span> <span class='ocrx_word' id='word_1_184' title='bbox 907 3325 1021 3396; x_wconf 91' lang='lat' dir='ltr'><strong>credo</strong></span> <span class='ocrx_word' id='word_1_185' title='bbox 1033 3349 1170 3422; x_wconf 83' lang='lat' dir='ltr'><strong>magna</strong></span> <span class='ocrx_word' id='word_1_186' title='bbox 1192 3321 1302 3396; x_wconf 68' lang='lat' dir='ltr'><strong>fixisse</strong></span> 
     </span>
     <span class='ocr_line' id='line_1_26' title="bbox 302 3436 1301 3540; baseline 0.004 -32"><span class='ocrx_word' id='word_1_187' title='bbox 302 3436 469 3513; x_wconf 86' lang='lat' dir='ltr'><strong>thoracis</strong></span> <span class='ocrx_word' id='word_1_188' title='bbox 491 3440 759 3531; x_wconf 87' lang='lat' dir='ltr'><strong>incommoda,</strong></span> <span class='ocrx_word' id='word_1_189' title='bbox 788 3467 874 3514; x_wconf 89' lang='lat' dir='ltr'><strong>oum</strong></span> <span class='ocrx_word' id='word_1_190' title='bbox 901 3443 1047 3540; x_wconf 90' lang='lat' dir='ltr'><strong>primus</strong></span> <span class='ocrx_word' id='word_1_191' title='bbox 1076 3440 1192 3536; x_wconf 89' lang='lat' dir='ltr'><strong>paulo</strong></span> <span class='ocrx_word' id='word_1_192' title='bbox 1219 3456 1301 3512; x_wconf 88' lang='lat' dir='ltr'><strong>ante</strong></span> 
     </span>
    </p>
   </div>
   <div class='ocr_carea' id='block_1_5' title="bbox 0 0 1408 4663">
    <p class='ocr_par' dir='ltr' id='par_1_5' title="bbox 0 0 1408 4663">
     <span class='ocr_line' id='line_1_27' title="bbox 0 0 1408 4663; baseline 0 0"><span class='ocrx_word' id='word_1_193' title='bbox 0 0 1408 4663; x_wconf 95' lang='lat' dir='ltr'><strong> </strong></span> 
     </span>
    </p>
   </div>
  </div>
 </body>
</html>
