2808 4664
308 453 378 526 250
465 477 511 522 nn
536 471 681 521 snniaus
706 473 750 518 ar
774 471 898 517 causis
922 469 1133 518 uonnoauu

305 590 458 664 tationis
478 587 615 678 ¹doceat
638 601 715 657 tum
740 585 964 682 generatim,
987 599 1066 655 tum
1097 587 1311 682 speciatim,

234 681 238 700 ι
306 705 643 782 animadvertesEt
657 703 861 802 generatim
876 703 1030 798 quidem
1040 703 1087 774 ab
1097 705 1311 781 irritatione

251 875 257 886 ·
308 825 432 900 cordis
444 823 525 920 ejus
542 822 822 920 palpitationem
834 819 1003 908 deducit3
1017 824 1211 919 speciatim
1224 851 1312 898 vero

308 943 355 1016 ab
371 941 484 1015 rebus
500 941 745 1012 irritationem
763 937 1000 1024 facientibus,
1012 957 1074 1009 aut
1090 942 1311 1017 irritationis

309 1085 457 1136 causam
478 1055 742 1156 prebentibus.
763 1059 930 1144 Quarum
950 1081 1075 1127 rerum
1098 1058 1190 1130 alias
1211 1075 1312 1134 extra

310 1203 395 1265 cor,
413 1177 502 1248 alias
518 1178 557 1246 in
580 1174 693 1246 corde
709 1175 791 1272 ipso
813 1197 892 1246 esse
913 1175 1085 1246 ostendit.
1117 1179 1162 1246 ln
1184 1176 1247 1249 his
1266 1179 1312 1249 vi·

309 1298 359 1370 tia
390 1295 515 1366 cordis
539 1293 666 1392 ponit,
694 1308 807 1389 atque
833 1291 993 1389 explicat
1021 1291 1123 1363 unde
1152 1295 1312 1366 irritatio

221 1409 223 1414 ’
310 1429 506 1502 nascatur,
525 1414 600 1483 sive
618 1411 809 1509 sanguinis
830 1412 993 1508 egressui
1014 1409 1129 1497 obex,
1156 1411 1239 1483 sive
1260 1413 1314 1482 in·
1336 1425 1338 1432 ⁴

311 1532 452 1631 gressui
469 1543 703 1628 opponatur,
723 1553 808 1600 cum
838 1529 913 1602 sive
939 1527 1062 1598 cordis
1086 1552 1210 1600 caveae
1244 1532 1313 1602 sint

310 1650 492 1735 dilatatae,
511 1649 587 1719 sive
617 1647 939 1743 constrictaeaqua
970 1647 1170 1716 occasione
1192 1669 1314 1746 egres·

291 1790 393 1840 'sum
422 1766 626 1865 sanguinis·
645 1767 772 1836 minus
794 1763 955 1834 liberum
982 1763 1029 1833 ab
1056 1765 1313 1836 auricularum

309 1885 524 1957 dilatatione
534 1883 696 1972 deducit,
706 1899 746 1954 ut
757 1905 930 1980 quarum,
944 1881 1314 1978 sanguinedistenta-

309 2025 417 2090 rum,
435 2002 554 2080 moles
575 2001 715 2072 adsitos
728 2001 946 2071 arteriarum
962 1999 1189 2096 comprimat
1207 2015 1312 2070 trun-

311 2143 398 2208 cos;
424 2118 529 2215 quod
548 2143 594 2190 eo
609 2116 752 2190 facilius
769 2117 919 2205 crcdeS,
943 2118 972 2190 si
996 2141 1169 2189 carneam
1192 2116 1312 2186 modi·

201 2241 204 2246 ’
311 2261 393 2308 eam
422 2245 707 2307 excrescentium
733 2238 831 2310 inter
856 2235 940 2306 illos
965 2235 1004 2304 in
1030 2235 1155 2306 cordis
1185 2235 1268 2306 basi
1294 2259 1312 2303 a

311 2355 493 2425 Garnerio
510 2356 580 2451 (1)
600 2369 804 2452 repertam,
831 2354 1065 2442 memineris,
1086 2354 1191 2451 ipsos
1212 2377 1311 2424 com·

310 2470 528 2570 primend0,
551 2475 773 2570 perpetuam'
788 2470 916 2545 fecisse
935 2471 1234 2570 palpitationem.
1259 2469 1312 2542 Ad

310 2597 501 2687 ingressus
518 2605 642 2661 autem
659 2591 787 2677 simul,
802 2603 838 2662 et
859 2613 1029 2687 egressus
1045 2591 1241 2686 sanguinis
1251 2591 1314 2659 im·

311 2707 569 2805 pedimentum
589 2707 783 2806 quomodo
798 2705 933 2778 faciant
946 2707 1117 2792 valvulae,
1134 2709 1312 2778 auriculis

311 2824 503 2921 subjectae,
528 2827 557 2898 si
582 2827 762 2897 induratae
787 2843 823 2898 et
847 2826 1080 2922 agglutinatae
1107 2825 1313 2924 parietibus

311 2944 435 3016 cordis
452 2947 525 3016 sint
534 2997 545 3032 ,
563 2959 606 3016 ut
620 2946 698 3042 ipse
713 2946 751 3016 in
770 2943 933 3040 quodam
952 2943 1034 3014 viro
1048 2942 1312 3040 deprehendit,

273 3047 275 3060 '
310 3063 398 3135 auu
412 3063 477 3162 (α)
490 3063 696 3162 explicatu.
717 3062 815 3133 auu
832 3085 987 3159 quique
1002 3047 1059 3158 (s)
1076 3062 1227 3158 egregie
1247 3061 1313 3132 ‹to-

311 3183 404 3268 cuit,
424 3181 629 3252 illiusmodi
643 3181 955 3280 impedimentum
976 3180 1166 3250 immerito
1182 3181 1312 3277 saepius

310 3297 426 3368 tribui
435 3298 628 3396 polyposis
643 3299 681 3368 in
699 3295 1131 3370 cordoconcretionibus
1143 3351 1154 3384 ,
1163 3321 1312 3394 praeser-

311 3415 379 3486 tim
409 3437 494 3486 cum
516 3434 623 3486 certae
647 3416 913 3514 evidentesque
933 3417 972 3486 in
987 3414 1144 3487 valvulis
1162 3430 1199 3486 et
1216 3414 1312 3484 auri-

313 3532 426 3623 culis,
443 3531 583 3604 vasisve
603 3533 809 3631 majoribus
821 3557 940 3608 causae-
950 3547 1154 3606 occurrant
1166 3532 1314 3630 palpita-

353 3821 397 3899 (1)
419 3815 495 3878 Seo't.
510 3822 566 3878 bac
583 3821 616 3892 8,
636 3818 772 3897 Sepulch.
790 3822 854 3878 obs.
869 3822 917 3880 23.

252 3915 254 3918 ¹
353 3921 396 3999 (a)
418 3923 471 3979 Ch.
489 3941 521 3996 9,
535 3942 565 3978 n.
580 3921 606 3978 5.

355 4021 398 4095 (3)
419 4020 586 4091 Ch.1o,n.
606 4041 649 4077 ιο.
