2800 4674
324 473 390 571 176
489 494 536 540 nn
562 489 708 540 sumnus
728 489 776 536 nr
801 487 925 538 crusis
949 483 1159 542 nonnosum
1213 495 1215 498 ·

317 609 427 682 deris.
450 612 613 680 ioannes
633 619 757 676 autem
776 603 1030 702 Hieronymus
1053 579 1320 696 Zanichellids,

316 729 374 798 vir
395 728 461 822 qui
479 724 597 794 multa
618 723 657 792 in
685 747 725 793 re
754 745 841 794 oum
865 723 1029 812 medica,
1053 741 1135 798 tum
1160 725 1321 798 chimica

316 857 492 942 expertus
517 839 611 927 erat,
634 851 890 912 cdmmeeum
909 843 1076 915 Veuetiis
1090 843 1322 941 ¹loqueretur

317 962 363 1034 de
377 961 498 1032 amico
516 959 711 1053 utriusque
726 973 898 1030 nostrum
916 959 1132 1032 doctissimo
1151 961 1319 1034 victorio

315 1077 512 1150 Francisoo
523 1075 733 1161 Stanoario,
744 1100 857 1171 quem
866 1077 1043 1148 Bononiae
1051 1076 1237 1174 phthisis,
1250 1091 1319 1149 tus·

317 1197 386 1268 sim
404 1175 442 1266 et
457 1192 647 1291 sanguinis
671 1207 822 1288 sputum
845 1209 1062 1281 consecuta,
1091 1219 1230 1266 vexare
1244 1196 1315 1292 jam

317 1328 498 1412 coeperat,
529 1325 566 1384 et
591 1307 738 1382 tabidos
764 1309 859 1380 mihi
881 1313 1095 1383 nominaret
1119 1312 1222 1391 duos
1255 1338 1317 1411 per

315 1432 517 1529 eclegmata
537 1428 743 1513 restitutos,
771 1427 930 1498 alterum
956 1429 1112 1526 quidem
1130 1432 1202 1527 per
1224 1430 1315 1502 illud

314 1548 418 1647 quod
431 1550 498 1618 rob
511 1569 652 1618 nucum
664 1560 839 1632 vocatur,
858 1545 1017 1618 alterum
1028 1561 1154 1620 amem
1169 1564 1243 1646 per
1252 1551 1316 1620 rob

312 1682 542 1738 maturarum
557 1662 659 1736 ebuli
674 1662 894 1752 baccarum,
907 1679 1007 1736 certa
1023 1664 1189 1762 quadam
1205 1669 1313 1748 ratio·

311 1810 360 1857 ne
369 1782 600 1870 confectum,
612 1804 693 1869 nec,
705 1780 810 1878 quod
819 1783 900 1879 ipse
911 1807 983 1881 pro
993 1807 1132 1882 amano
1139 1783 1313 1884 habebat,

309 1903 434 1975 sileret
452 1901 661 1974 balsamum
679 1899 871 1997 sulphuris
891 1925 979 1972 cum
998 1899 1170 1972 balsamo
1189 1903 1313 2000 copai·
1342 1887 1344 1896 ’

307 2020 364 2092 bae
388 2035 560 2118 paratum
571 2045 580 2106 3
597 2041 759 2114 cumque
774 2017 881 2106 inde,
900 2033 942 2090 ut
958 2016 1019 2107 fit,
1036 2020 1076 2090 in
1096 2043 1311 2092 sermonem

308 2137 404 2210 forte
423 2136 612 2232 incidisset
627 2135 673 2208 de
689 2136 760 2208 isto
777 2136 1013 2234 Hippocratis
1030 2132 1310 2225 loco;'credere

310 2237 349 2328 se
376 2253 539 2326 ostendit
561 2279 630 2354 per
652 2277 798 2325 aeneum
813 2279 878 2326 vas
902 2253 1044 2351 aliquid
1061 2253 1213 2327 detrahi
1234 2281 1308 2327 ma·

282 2419 284 2422 -
308 2374 399 2444 rinae
420 2397 542 2469 aquae,
565 2387 607 2443 ut
629 2373 681 2442 sic
704 2372 849 2444 resistat
872 2372 987 2470 paulo
1007 2373 1135 2444 minus
1154 2373 1309 2446 descen-

309 2488 485 2561 dentibus
504 2489 639 2586 sputis,
656 2511 769 2584 quam
792 2489 822 2562 si
837 2489 911 2562 alio
928 2514 971 2562 ac
987 2514 1092 2562 aeneo
1110 2513 1198 2562 vase
1222 2515 1310 2562 con·

305 2609 488 2696 tineatur3
498 2607 546 2680 ad
555 2605 648 2678 illud
660 2606 760 2676 enim
769 2593 1067 2705 experimentum
1080 2604 1225 2708 facilius
1238 2632 1311 2680 cer

305 2726 453 2824 tiusque
467 2723 828 2824 ineundum3neque
841 2725 1022 2798 idoneum
1035 2750 1130 2814 esse,
1146 2741 1190 2798 ut
1202 2726 1310 2797 multi

305 2819 554 2930 arbitiantur,
569 2867 705 2938 aquam
719 2867 875 2940 puram,
893 2845 1035 2942 quippe
1048 2844 1175 2916 minus
1194 2867 1310 2941 quam

306 2949 476 3061 oportet,
493 2985 617 3057 neque
630 2960 718 3064 item
735 2963 936 3049 marinam,
947 2961 1308 3060 quippepauloma·

304 3082 359 3178 gis
378 3104 491 3176 quam
509 3101 607 3175 opus
620 3092 690 3164 est,
706 3078 950 3150 resistentem.
969 3077 1229 3151 confirmabat
1243 3103 1308 3149 au·

304 3211 381 3268 tem
398 3197 484 3284 sibi,
495 3196 566 3270 hac
577 3196 721 3268 ratione
731 3220 845 3292 quam
853 3199 1034 3294 proponit
1044 3201 1308 3294 Hippocrates,

303 3314 514 3414 periculum
542 3338 636 3411 serpe
664 3311 812 3388 facienti
837 3339 1034 3412 nunquam
1056 3339 1137 3384 non
1162 3315 1307 3412 Hippo·

303 3438 477 3503 oraticam
488 3429 769 3529 praedictionem
782 3431 1020 3529 respondisse
1034 3459 1042 3501 :
1055 3456 1127 3502 nec
1139 3456 1305 3528 quorum

194 3571 196 3574 ·
302 3566 410 3648 sputa
427 3563 630 3636 notassent,
647 3573 710 3621 eos
724 3549 775 3620 ita
788 3547 912 3638 brevi,
933 3564 976 3620 ut
993 3574 1157 3646 quorum
1175 3548 1306 3621 subse·

301 3667 446 3750 derant,
461 3666 631 3764 periisse;
648 3683 782 3739 utnon
795 3665 993 3754 dubitaret,
1009 3667 1040 3738 si
1051 3657 1203 3764 postea,
1218 3692 1305 3740 cum

299 3787 464 3860 deterior
480 3783 779 3868 videlicetfactus
789 3799 885 3856 esset
897 3809 1028 3856 eorum
1038 3784 1305 3873 morbuS,tum

298 3927 426 3977 rursus
443 3897 597 4000 captum
614 3918 709 3976 esset
723 3880 1042 4001 experimentum,
1058 3927 1138 3975 non
1155 3902 1304 3974 dubita·

298 4037 374 4112 ret,
391 4023 563 4120 inquam,
579 4021 671 4118 quin
687 4036 794 4119 sputa
809 4019 965 4096 fuissent
981 4021 1030 4094 ad
1044 4019 1208 4097 fundum
1225 4021 1304 4120 lap·
