2816 4668
274 434 345 518 ltl⁰
442 455 488 502 nr
514 453 660 504 moinus
685 455 729 504 ar
754 455 879 506 causis
904 453 1115 506 monacensi

273 566 386 636 noxia
403 565 558 655 morbo,
575 567 647 640 nisi
665 567 771 664 quod
792 567 944 644 duobus
966 569 1109 644 ultimis
1130 587 1199 644 aut
1216 571 1284 644 tri*

274 683 346 756 bus
360 685 487 769 annis,
502 699 702 782 postquam
714 699 907 758 menstrua
919 686 1108 760 desierant
1119 689 1283 778 scilieet,

273 799 364 872 ssatu
381 801 569 900 quodam,
586 815 628 874 ut
639 801 798 881 vocabat
816 803 917 901 ipsa,
933 809 1059 876 vexari
1076 805 1226 878 solebat
1237 806 1283 878 ad

275 943 359 1007 cor,
379 944 538 1017 eamque
554 920 749 1007 viciniam3
773 945 860 993 cum
880 923 1067 994 matutino
1090 937 1282 1022 tempore,

273 1035 370 1108 bene
393 1037 531 1120 valens,
547 1035 595 1106 ad
621 1058 718 1134 opus
742 1039 962 1112 surrexisset
985 1063 1118 1127 suum,
1148 1042 1283 1112 textrix

273 1154 373 1240 enim
393 1167 488 1240 erat,
507 1176 625 1250 eaque
643 1153 860 1251 disponeret
877 1179 960 1252 quaa
985 1155 1032 1226 ad
1058 1181 1200 1228 novam
1232 1173 1283 1230 te·

273 1270 347 1342 lam
373 1269 639 1361 exordirendam
659 1287 746 1352 sunt
768 1273 997 1361 necessaria,
1016 1272 1204 1361 abdixit,
1227 1277 1284 1344 ni-

273 1383 404 1484 hilque
423 1402 615 1484 praeterea;
635 1387 689 1462 ibi
704 1390 804 1462 enim
832 1391 978 1478 statim,
1002 1390 1099 1462 sieut
1123 1389 1284 1462 brachia

272 1506 365 1603 jugo
390 1504 552 1581 habebat
580 1504 759 1592 subnixa,
792 1522 1032 1580 mortuaest.
1061 1512 1152 1580 Erat
1183 1507 1283 1578 idem

274 1624 414 1696 mensis
433 1624 524 1694 anni
544 1649 655 1722 1729,
677 1649 755 1720 quo
776 1647 926 1711 meuse,
942 1639 985 1696 ut
1003 1624 1049 1695 ad
1069 1639 1106 1696 te
1122 1625 1217 1696 olim
1231 1625 1282 1721 (1)

276 1743 428 1840 scripsi,
451 1757 507 1814 tot
533 1740 625 1814 alios
644 1767 692 1813 er
705 1741 775 1814 hae
792 1742 939 1814 civitate
962 1743 1165 1839 repentina
1182 1767 1284 1814 mors

276 1857 492 1931 abstulerat.
513 1864 644 1957 ltaque
660 1861 730 1930 etsi
746 1859 786 1930 iu
805 1883 897 1957 agro
914 1856 961 1936 ad
975 1877 1063 1930 eum
1074 1858 1208 1930 locum
1217 1862 1284 1956 qui
1299 1841 1310 1865 ⁰

276 1976 448 2048 Medoaci
464 1982 563 2050 Pons
578 1991 753 2065 vocatur,
771 1977 850 2051 baec
863 1974 1002 2050 femina
1014 1978 1181 2052 extincta
1192 1992 1282 2064 erat,

274 2096 364 2168 illuc
389 2095 560 2168 medicus
576 2110 614 2168 et
627 2093 841 2196 chirurgus,
863 2119 1026 2192 quorum
1045 2093 1085 2164 id
1102 2111 1186 2166 erat
1200 2093 1282 2166 offi-

275 2215 400 2302 cium,
418 2229 505 2286 suut
524 2214 626 2291 missi
643 2213 710 2310 qui
728 2212 886 2290 cadaver
897 2208 1282 2286 dissecarentcervi·

276 2357 337 2406 ces
354 2347 392 2402 et
410 2331 565 2404 brachia
585 2347 691 2405 erant
704 2331 824 2432 rigida
834 2383 851 2419 ,‚
869 2345 911 2404 ut
935 2355 1014 2402 non
1029 2331 1110 2404 sine
1127 2333 1167 2400 vi
1182 2330 1282 2403 flecti

273 2464 439 2548 possent.
472 2453 581 2520 Secto
613 2450 762 2537 omnic,
799 2471 934 2546 magna
963 2447 1063 2520 illico
1102 2447 1283 2546 profluxit

275 2565 468 2662 sanguinis
481 2565 611 2661 copia,
626 2565 825 2661 visumque
845 2578 901 2639 est
919 2565 1028 2662 ipsis,
1046 2588 1110 2636 vas
1125 2565 1282 2662 aliquod

272 2686 372 2754 inter
399 2681 597 2755 cerebrum
624 2699 671 2762 et.
689 2683 918 2758 cerebellum
942 2707 1021 2756 esse
1051 2682 1289 2781 disruptum,

271 2801 369 2874 Illud
393 2803 533 2884 certius
557 2816 631 2887 est,
648 2826 735 2876 cum
751 2801 947 2874 thoracem
966 2801 1280 2898 introspicerem,

270 2919 525 3019 pericardium
559 2943 597 2992 se
632 2917 812 2990 obtulisse
846 2917 940 2990 adeo
977 2917 1207 3006 distentum,
1238 2933 1283 2989 ut

273 3064 359 3110 cum
377 3037 515 3108 vulnus
536 3033 777 3123 indixissent,
800 3048 1000 3106 cruentum
1016 3051 1141 3106 serutn
1160 3035 1282 3108 exsili·

271 3171 338 3226 ret.
359 3156 557 3252 Sanguinis
567 3168 701 3234 ‚autem
727 3177 814 3250 pars
836 3153 981 3250 reliqua
1006 3167 1184 3227 concreta
1204 3154 1280 3224 cir·

272 3296 358 3346 cum
369 3297 436 3342 cor
446 3271 621 3358 haerebat,
635 3272 819 3348 corticum
829 3271 949 3343 instar
956 3269 1284 3343 crassiorum.Nec

270 3388 391 3461 solum
416 3389 494 3472 baec
520 3388 754 3460 retulerunt:
777 3386 841 3458 sed
857 3411 924 3458 cor
947 3387 1073 3484 ipsum
1091 3409 1183 3462 ,curn
1211 3411 1279 3456 au-

266 3508 373 3578 nexis
398 3508 494 3578 vasis
517 3507 701 3577 intactum
724 3503 1101 3588 secu-mattulerunt,
1133 3517 1176 3576 ut
1196 3504 1278 3599 ipse

268 3623 469 3721 diligenter
497 3622 759 3694 examinarem.
781 3620 894 3712 Quod
916 3618 1098 3718 postridie
1117 3615 1278 3696 faciens,

305 3980 349 4061 (ι)
370 3981 464 4058 Epist.
479 3983 513 4052 3,
529 4002 558 4042 n.
576 4001 622 4046 11t
