2808 4664
151 443 219 490 tm.
237 418 286 488 '11.
315 413 370 488 nri
386 437 524 506 rtonms
547 437 741 504 rnonters,
766 439 878 489 rrrsr.
905 442 1003 490 xxiv.
1032 417 1101 519 257

102 553 305 644 ricardiurn
321 555 448 650 ipsum
467 577 546 626 non
565 553 739 624 mucroni
756 553 895 643 modo,
918 556 981 628 sed
999 557 1107 630 cordi

100 675 275 746 universo
291 673 469 744 adnatum
480 685 559 743 erat
570 657 586 740 ;Ι
597 695 666 742 nec
678 685 804 782 tamen
820 673 896 744 ulta
911 679 965 746 e'st
977 675 1016 746 in
1033 701 1107 774 qua

101 781 1108 889 asphyxiafueritvelextremotemporeanimadversa

103 909 331 998 Quinetiam
357 933 441 979 cnm
456 913 536 982 'tres
563 907 641 978 aliae
667 921 794 980 extent
815 907 1122 984 clarissimorum¹

102 1025 271 1098 virorum
283 1007 436 1096 loannis
447 1029 474 1099 F
476 1025 608 1094 antoni
623 1021 676 1120 (ι)
686 1079 696 1112 ,
707 1024 899 1098 Benedicti
912 1026 1110 1100 Gullman-
1154 1087 1155 1090 ,

101 1145 140 1216 ni
153 1142 208 1240 (a)
221 1198 232 1245 ,
247 1158 284 1214 et
295 1142 469 1239 'ejusdem
484 1143 599 1239 quem
614 1122 749 1214 merito
764 1141 1108 1238 laudabam‘modo,

104 1261 250 1334 Alberti
268 1261 406 1331 Halleri
417 1260 491 1358 (3),
516 1287 598 1358 quae
614 1261 742 1340 nescio
760 1261 956 1358 quomodo
976 1288 1035 1336 me
1051 1261 1112 1336 su·
1134 1279 1136 1286 ’

105 1381 228 1476 gerint
243 1377 345 1480 illam
363 1377 557 1474 epistolam
571 1392 828 1450 recensentem
839 1405 850 1468 3
862 1379 901 1448 in
919 1380 1040 1476 prima
1053 1378 1113 1452 ni·
1125 1387 1130 1400 ”
1231 1435 1234 1442 .

105 1494 160 1566 hil
178 1495 258 1568 nisi
272 1519 338 1565 cor
357 1492 742 1582 concedivemotam,
765 1495 804 1564 in
835 1495 943 1566 tertia
969 1520 1017 1568 ne
1037 1495 1113 1570 hoc

77 1691 79 1696 ,
105 1611 281 1710 quidem,
301 1613 342 1680 in
359 1609 524 1682 secunda
542 1609 736 1710 palpitatio
747 1599 896 1696 cordis,
922 1612 1114 1708 inaequali·

109 1729 332 1828 impulsus,
360 1723 688 1823 asthma„aliaqne
707 1724 928 1824 diligenter,
946 1727 1116 1822 sednon

109 1847 308 1946 asphyxia,
333 1857 613 1949 memorantur:
636 1845 807 1939 quamvis
825 1844 972 1914 sinister
991 1845 1117 1917 cordis

107 1963 342 2037 ventriculus
361 1962 462 2032 intus
479 1976 657 2057 extraque
675 1975 771 2032 esset
787 1961 1032 2060 cartilaginem
1045 1951 1118 2044 ¹iir-

94 2080 324 2166 ¹mitudinis;
342 2092 378 2149 et
397 2077 649 2176 pericardium
668 2092 813 2167 tamen,
833 2079 873 2148 in
894 2078 966 2149 hac
984 2103 1118 2150 carno-

112 2221 219 2286 sum,
237 2201 276 2264 in
293 2196 415 2294 prima
429 2195 730 2293 cartilaginem,
747 2193 913 2292 undique
931 2195 1038 2268 cordi
1048 2223 1117 2270 να-

114 2314 207 2402 lide,
225 2319 446 2400 arctissime,
474 2327 648 2384 accurate
663 2328 700 2383 et
713 2318 980 2411 pertinaciter,
1008 2331 1050 2386 ut
1077 2299 1121 2390 in

109 2433 219 2505 tertia
229 2456 393 2529 ,quoque
404 2485 414 2519 ,
427 2411 615 2501 annexnm
630 2445 718 2506 erat.
739 2430 840 2520 Quid
858 2455 948 2529 ergo
960 2457 1119 2531 respon·

112 2551 282 2624 dendum
299 2551 380 2622 est?
394 2549 505 2638 Vide,
518 2575 564 2620 an
576 2549 649 2620 hoc
667 2545 762 2620 forte
777 2576 784 2618 :
799 2549 1007 2621 Valsalvam
1024 2577 1118 2650 prae·

115 2686 174 2743 ter
207 2669 309 2739 illam
336 2667 607 2766 alligationem,
641 2667 828 2750 invenisse
858 2667 1119 2752 membranam

113 2787 239 2860 cordis
260 2787 435 2859 extimam
451 2785 572 2855 multo
584 2843 586 2848 .
600 2785 821 2856 crassiorem
841 2781 994 2874 factam,
1019 2789 1119 2886 peri-

111 2906 282 2978 cardium
299 2921 425 2976 autem
442 2905 637 3000 oppletum
658 2926 782 2974 serosa
799 2904 974 2988 materia,
994 2919 1031 2973 et
1051 2929 1120 3001 pu-

110 3027 269 3098 rulenta.
294 3021 510 3108 Crassitudo
526 3023 628 3092 enim
639 3020 748 3092 'illius
767 3018 994 3090 membranae
1010 3017 1120 3094 facie-

111 3143 180 3216 bat
198 3141 370 3228 fortasse,
386 3165 434 3211 ne
455 3165 522 3212 cor
539 3140 625 3212 satis
640 3136 851 3235 expandere
871 3161 909 3208 se
928 3153 1070 3234 posset,
1084 3153 1122 3212 et

117 3285 205 3334 curn
229 3283 390 3358 paucum
417 3274 619 3358 propterea
647 3255 1149 3353 admitteretsanguinem,

114 3404 241 3476 neque
268 3378 416 3448 modica
442 3376 555 3472 hujus
576 3375 685 3473 copia
706 3397 794 3444 mox
817 3373 856 3444 in
884 3374 1037 3474 arterias
1056 3393 1120 3448 'ex-

114 3512 240 3584 trusa‚
257 3519 328 3566 nec
348 3496 385 3563 vi
401 3520 474 3590 qua
493 3492 726 3580 extruderet,
741 3493 840 3590 ipsas
860 3490 1014 3564 dilatare
1035 3494 1122 3564 satis
