2816 4668
211 419 215 428 ¹
269 425 346 518 {252
436 449 483 498 na
508 443 654 496 sunmus
678 443 722 492 ar
747 440 871 492 causls
895 442 1107 492 nonnosum

275 549 361 638 rum
378 561 634 634 dilatationem
652 583 738 630 cum
754 583 897 656 magnae
910 560 1052 631 arteriae
1063 558 1278 634 dilatatione

275 683 475 779 conjungi,
491 695 604 777 atque
624 677 718 758 adeo
737 675 851 772 hujus
873 699 952 748 esse
969 679 1278 776 propagationem

276 815 313 871 et
329 796 505 870 effectum
521 851 531 884 ,
551 818 664 866 nemo
689 817 735 864 ex
751 817 797 863 eo
814 807 985 890 tempore
1000 796 1219 892 negaverit,
1235 823 1279 869 ex

276 941 353 1014 quo
382 913 606 986 morborum
632 935 749 982 causae
772 925 900 1008 coeptae
931 925 1018 982 sunt
1041 911 1280 986 creberrimis

275 1030 565 1108 dissertionibus
579 1029 731 1126 inquiri.
752 1028 866 1098 Prisci
880 1043 1006 1100 autem
1022 1029 1181 1116 medici,
1196 1032 1279 1103 sub

277 1151 372 1224 sidio
393 1149 466 1218 hoe
485 1161 673 1233 carentes,
693 1144 788 1214 nihil
815 1145 1000 1240 ejusmodi
1025 1149 1210 1245 suspicari
1227 1152 1278 1220 vi·

276 1266 481 1354 dabantur,
501 1280 537 1336 et
556 1263 677 1334 nihilo
695 1263 780 1360 plus
793 1263 935 1359 negotii
952 1261 1023 1336 sibi
1046 1263 1127 1336 dari
1156 1268 1198 1338 in
1223 1293 1279 1341 ca·

276 1379 445 1457 rotidum
459 1395 721 1478 aneurysmate
737 1378 1018 1469 existimabant,
1033 1407 1149 1478 qnam
1169 1401 1214 1456 ut
1229 1412 1279 1459 re-

276 1502 407 1588 vulsis,
422 1499 653 1587 imminutis,
670 1497 848 1570 correctis
858 1499 1039 1594 sanguine
1052 1499 1279 1601 acribusque

276 1617 520 1704 humoribus,
541 1616 603 1690 illa
622 1629 858 1713 apponerent
881 1615 1029 1711 quaead
1049 1619 1277 1692 contrahen-

278 1737 344 1810 das
363 1731 752 1831 constringendasque
771 1733 991 1818 arteriarum
1014 1735 1163 1810 tunicas
1185 1740 1279 1812 vale-

276 1869 385 1942 rent,
418 1850 740 1951 quemadmodum
757 1869 816 1921 'ex
845 1850 1012 1947 perlecto
1031 1855 1191 1934 ¹drantii
1222 1882 1280 1928 ca-

276 1973 354 2072 pite
369 1973 451 2067 (1),
476 1994 552 2067 quo
581 1968 627 2040 de
654 1967 726 2038 isto
756 1968 993 2064 potissimum
1020 1990 1279 2072 aneurysmate

279 2092 378 2188 agit,
401 2087 576 2187 praeclare
606 2084 800 2182 intelliges.
831 2084 943 2174 Quod
971 2087 1001 2158 si
1022 2091 1281 2189 constringere

279 2210 365 2306 quis
378 2221 516 2293 tentet,
535 2227 621 2276 cum
639 2202 838 2300 productio
855 2217 909 2274 est
929 2211 1202 2302 aneurysmatis
1223 2235 1279 2280 ar·

280 2319 381 2396 teriae
397 2348 559 2421 magnae,
579 2321 653 2392 hoc
674 2319 846 2418 augebit,
863 2319 957 2391 illud
971 2347 1049 2392 non
1067 2325 1198 2416 tollet3
1219 2327 1280 2402 sed

281 2467 329 2514 ne
345 2455 436 2510 tunc
450 2438 603 2536 quidem
630 2462 718 2508 cnm
743 2452 798 2508 est
824 2436 1076 2514 abierodente
1102 2443 1281 2518 duntaxat

281 2581 414 2644 causa,
438 2556 541 2628 velut
553 2555 725 2654 exemplo
740 2554 878 2626 nobilis
893 2571 1070 2631 matronae
1078 2561 1281 2657 producto,

280 2673 444 2748 ostendit
459 2672 674 2769 Lancisius(
700 2671 728 2769 ).

329 2792 386 2865 23·
414 2795 469 2862 De
496 2803 755 2887 aneurysmate
775 2805 901 2863 autem
921 2817 998 2889 quo
1017 2793 1209 2879 subclavia
1225 2825 1279 2870 ar·

278 2913 372 2984 teria
386 2908 563 2996 dextera,
583 2907 687 2978 nulla
708 2933 749 2980 re
771 2909 1011 3006 interposita,
1038 2937 1180 2988 nervos
1202 2941 1281 3014 pre

281 3029 409 3102 mebat
423 3041 573 3118 ,artum
600 3026 815 3122 proximum
838 3024 1019 3102 adeuntes
1038 3084 1048 3118 ,
1067 3034 1284 3127 quaerebam

283 3149 323 3218 in
343 3145 570 3216 Adversariis
588 3146 639 3214 VI
665 3142 759 3240 (b),
788 3142 855 3214 ubi
881 3145 1025 3218 incuria
1053 3152 1185 3222 nescio
1213 3178 1285 3250 qua
1388 3219 1389 3222 ,

240 3256 248 3282 “
282 3263 477 3359 subclauic
493 3266 645 3332 sinistra
667 3281 738 3358 pro
757 3260 908 3334 dextera
928 3265 1066 3362 scripta
1083 3283 1158 3355 est3
1188 3296 1287 3368 quae·

279 3375 413 3454 rebam
427 3380 609 3475 ,inquam
624 3432 633 3463 ,
650 3401 718 3448 cur
732 3379 813 3474 ejus
833 3384 1124 3479 compressionis
1134 3389 1285 3460 nullum

283 3521 452 3593 unquam
477 3496 516 3566 in
540 3520 585 3566 eo
609 3509 692 3566 artu
714 3495 864 3568 vivente
890 3499 1076 3590 muliere,
1103 3505 1287 3580 extitisset

282 3671 1287 3702 mmm—*mm

322 3781 366 3857 (ι)
386 3781 431 3836 De
449 3790 558 3834 tumor.
567 3789 650 3852 praet.
663 3759 724 3834 nat.
740 3799 766 3837 c.
784 3778 830 3836 38.

321 3879 366 3956 (a)
386 3881 431 3936 De
442 3897 542 3934 aneur.
555 3879 736 3955 propos.·31.

294 4018 296 4021 -
322 3978 366 4059 (3)
387 3977 523 4040 Animad.
539 3983 588 4044 at..
