2816 4668
281 374 352 464 432
449 395 496 442 nr
522 391 668 443 sumnus
693 393 738 440 rr
762 390 887 440 clusis
913 388 1123 444 uouuouuu

280 507 590 586 concretionibus
614 503 815 594 refertum,
837 530 858 578 a
877 505 1018 580 dextris
1040 508 1201 606 quidem
1220 529 1299 586 erut

279 625 714 729 perruptum3asinistris
724 638 850 696 autem
862 649 1024 724 corpora
1032 635 1298 725 proximarum

278 744 538 818 vertebrarum
551 743 693 814 laeserat
702 739 815 830 adeo,
828 757 870 814 ut
881 765 1015 840 magna
1024 768 1130 816 ossea
1139 770 1299 843 squama

278 863 326 936 ab
354 865 444 963 ipsis
473 860 581 932 nullo
610 859 765 958 negotio
796 858 1070 946 detraheretur.
1108 867 1297 949 Caeterum

274 980 385 1053 nulla
409 981 448 1050 in
473 992 579 1051 aorta
605 975 777 1050 ossicula.
798 980 873 1050 Cor
890 976 1029 1050 durum
1044 973 1183 1071 valde,
1202 985 1297 1056 etin

279 1121 319 1172 se
339 1111 589 1170 contractum.

332 1241 386 1286 ια.
412 1218 487 1286 Cor
508 1235 619 1310 posse
636 1210 821 1299 convelli,
838 1213 1033 1308 superiore
1054 1215 1224 1312 epistola
1241 1216 1297 1316 (1)

277 1332 460 1429 scriptum
472 1344 537 1402 est.
552 1330 668 1424 Cujus
677 1329 733 1402 rei
744 1327 960 1426 exemplum
968 1329 1106 1423 habeS,
1119 1334 1162 1404 ni
1173 1331 1297 1423 fallor,

276 1451 317 1520 in
338 1445 412 1520 hoc
423 1447 578 1544 juvene,
595 1445 661 1519 sed
677 1447 739 1518 alii
758 1469 877 1518 causae
895 1446 1157 1521 tribuendum.
1183 1457 1295 1526 Caete·

275 1591 364 1640 rum
394 1565 499 1664 quod
529 1588 552 1636 a
580 1563 667 1638 cibo
693 1563 756 1636 hie
779 1561 887 1636 fieret
916 1567 1033 1666 magis
1060 1592 1181 1664 quam
1207 1572 1295 1662 alii,

275 1683 579 1772 somniculosus,
596 1697 634 1754 et
651 1683 906 1778 aneurysmati
924 1735 934 1772 ,
960 1698 998 1756 et
1015 1683 1186 1760 distento
1208 1715 1296 1761 ven-

275 1802 414 1874 triculo
433 1798 728 1874 adscribendum
744 1799 918 1889 videtur,
942 1802 1010 1898 qui
1031 1804 1180 1878 etiamsi
1205 1822 1294 1881 tune

275 1918 438 1994 fundum
468 1935 683 1992 antrorsum
705 1933 847 2007 vertat,
878 1933 1006 1992 tamen
1036 1939 1187 2019 quanto
1211 1927 1294 2024 plus

199 2044 202 2050 ’
273 2039 356 2138 ipse
372 2039 480 2136 spatii
499 2049 672 2134 occupat,
687 2049 792 2109 tanto
803 2036 943 2125 minus3
951 2051 1159 2138 utcumque
1174 2043 1292 2116 abdo·

274 2180 365 2233 men
383 2155 516 2244 cedat,
534 2153 676 2226 caeteris
693 2155 836 2228 ventris
855 2153 1062 2230 visceribus
1083 2159 1291 2261 relinquit,

274 2289 319 2344 ut
336 2274 561 2371 compressis
583 2271 637 2344 ibi
655 2269 877 2368 sanguiferis
891 2275 1015 2362 vasis,
1034 2281 1190 2376 sanguis
1215 2307 1290 2380 quo

274 2390 485 2488 expeditius
497 2391 569 2474 iter
583 2405 659 2479 est,
679 2388 821 2462 feratur
835 2389 881 2462 ad
897 2391 1108 2466 cerebrum.
1128 2400 1290 2496 lgitursi

272 2505 365 2578 hinc
377 2507 440 2578 alii
457 2508 658 2606 proniores
674 2523 765 2578 tunc
782 2505 881 2581 liunt
894 2510 934 2582 in
953 2534 1130 2596 somnum
1144 2569 1156 2604 ,
1170 2521 1289 2592 multo

272 2625 392 2722 magis
412 2621 526 2699 fiebat
540 2623 602 2696 hic
615 2625 785 2721 juven-ist
802 2628 868 2724 qui
885 2643 1042 2726 prepter
1061 2655 1289 2734 aneurysma

274 2767 320 2816 eo
335 2742 422 2814 loco
435 2745 549 2816 situm
567 2743 667 2839 ,jam
686 2745 812 2816 minus
824 2743 942 2818 facilis
954 2762 1033 2820 erat
1056 2774 1190 2826 cursus
1210 2780 1288 2830 san·

271 2861 394 2960 guinis
417 2860 607 2934 deorsum.
630 2862 788 2961 Reliqua
805 2863 971 2962 proclive
1000 2881 1055 2939 est
1077 2872 1291 2967 explicare,

268 2979 309 3051 in
322 2979 395 3051 hoc
411 2979 684 3074 aneurysmatis
696 2981 931 3076 ruptionem,
942 2981 981 3052 in
995 3007 1037 3060 ea
1048 2989 1289 3081 potissimum

270 3096 387 3168 domo
400 3093 548 3184 factam,
567 3093 854 3168 ubifortassead
873 3099 999 3196 ignem
1015 3127 1091 3186 non
1110 3107 1288 3202 sedebat,

269 3237 356 3287 cum
387 3239 430 3285 ea
455 3213 621 3310 contigit.
647 3215 834 3286 Nimirum
857 3240 880 3290 ,a
909 3219 1163 3314 mulierculis,
1184 3245 1224 3302 et
1241 3230 1288 3306 ab
1398 3269 1399 3294 ;

268 3332 397 3404 amicis
414 3329 656 3402 honestandae
670 3333 725 3403 rei
747 3356 869 3414 causa,
889 3337 1006 3411 multa
1024 3363 1287 3437 saepenumero

267 3446 549 3544 confinguntur.
567 3447 662 3520 Vide
683 3450 723 3520 in
740 3449 894 3522 alterius
907 3452 1058 3547 juvenis
1077 3483 1159 3534 non
1179 3463 1287 3542 dissi·

265 3565 348 3637 mili
361 3565 400 3634 in
421 3564 508 3636 loco
523 3566 727 3663 improvisa
745 3581 867 3638 morte
892 3569 985 3665 quid
1003 3555 1220 3672 suspicatus
1239 3586 1287 3660 sit

282 3781 1280 3818 mm

306 3929 350 4008 (t)
370 3933 408 3990 u.
427 3931 474 3990 13.
