2816 4668
145 443 213 491 mn
241 441 281 490 11.
309 443 356 489 nn
382 409 519 488 nonina
544 437 743 506 monacis,
769 437 881 489 amar.
908 439 992 486 xxv.
1021 415 1091 495 385

84 555 276 654 hujusque
295 569 487 641 naturam,
513 550 689 630 remediis
705 549 1018 650 insuperabilem,
1037 554 1095 626 di-

83 676 307 746 vinarenon
319 673 454 771 potuit.
738 660 743 677 ¹

134 790 322 866 Cada'vere
346 791 448 864 enim
475 787 658 875 dissecto,
686 810 773 858 cum
800 789 945 886 reliqua
968 793 1096 867 omnia

83 935 165 982 non
178 908 294 982 modo
304 910 482 984 invenire
500 921 537 976 et
557 889 731 991 thorace,
745 903 811 976 sed
829 907 869 978 in
887 909 969 1006 ipso
982 911 1095 982 etiam
1116 977 1118 980 .

83 1029 209 1126 capite
225 1052 314 1100 sana
331 1042 472 1114 essent3
487 1026 527 1096 in
543 1011 745 1096 'falciformi
761 1047 890 1096 crassae
908 1029 1096 1128 meningis

83 1169 267 1246 processu
290 1169 372 1217 ossa
402 1144 573 1242 'quinque
606 1141 758 1214 inventa
788 1159 901 1233 sunt,
924 1144 996 1216 alia
1023 1147 1096 1224 alia

80 1259 206 1334 forma
234 1277 271 1334 et
299 1260 581 1360 magnitudine,
608 1257 675 1334 sed
702 1285 802 1358 pone
826 1261 955 1344 omnia
978 1265 1097 1340 acutis

83 1382 193 1480 quasi
213 1381 329 1478 spinis
353 1379 559 1453 horrentia.
590 1379 798 1450 Maximum
825 1379 942 1454 lineas
968 1385 1095 1454 Bono.-

81 1500 236 1572 niensas
256 1498 477 1597 quindecim
492 1499 673 1595 longum,
687 1512 831 1596 septem
848 1499 887 1568 in
900 1498 1027 1574 medio
1042 1501 1097 1602 la·

84 1613 190 1705 tum{
212 1641 328 1688 unam
353 1641 438 1688 cum
461 1599 616 1687 dimidia
634 1637 821 1703 crassum,
839 1616 1009 1701 valenter
1028 1597 1096 1692 an·

83 1759 227 1810 nexum
246 1749 326 1808 erat
352 1734 480 1819 initio,
506 1746 544 1804 et
565 1732 745 1829 proximae
772 1733 870 1829 parti
889 1731 990 1806 illius
1007 1761 1095 1831 pro·

81 1881 227 1946 cessus,
255 1831 361 1950 cujus
387 1857 499 1925 etiam
529 1849 690 1924 formam
715 1848 913 1928 referebat.
944 1857 1023 1926 Hoc
1054 1880 1098 1931 os

82 1973 252 2072 aliquem
263 1971 310 2043 ad
325 1986 487 2042 tractum
500 1968 795 2069 intercipiebant
809 1993 893 2044 ossa
909 1969 1000 2061 duo,
1012 1999 1099 2072 quae*

83 2091 232 2188 reliqua
253 2105 368 2188 parte
405 2089 503 2160 inter
532 2113 573 2162 se
608 2101 710 2160 arcte
732 2087 1001 2186 jungebantur.
1030 2093 1094 2164 Sic

85 2209 312 2304 conjuncta,
326 2205 523 2278 latitudine
535 2205 733 2304 aequabant
744 2205 862 2280 lineas
878 2205 1095 2299 decem3sed

82 2323 212 2413 latius,
227 2313 398 2422 qnin'que
419 2339 498 2396 erat
515 2324 693 2422 longum3
709 2326 919 2424 angustius,
933 2349 1092 2418 novem;

86 2441 194 2538 quod
214 2440 307 2523 duas
327 2442 444 2514 lineas
462 2457 541 2514 erat
560 2466 750 2530 crassum,
777 2441 947 2515 inferiori
965 2458 1092 2519 tamen

81 2555 220 2647 latere,
241 2560 317 2631 sive
330 2585 408 2658 quo
428 2559 609 2632 callosum
628 2583 768 2658 corpus
792 2560 985 2658 spectabat
1011 2588 1091 2662 per-

81 2690 209 2747 tenue.
229 2677 351 2772 Hujus
364 2692 532 2750 extremo
544 2678 741 2776 ser-eliqua
760 2675 837 2750 duo
855 2703 938 2752 ossa
952 2705 1092 2754 annec-

81 2791 232 2879 rebant,
250 2789 469 2891 processum
483 2809 584 2868 arcte
600 2795 894 2893 intercipientia3
914 2821 1001 2868 nam
1024 2802 1093 2872 etsi

80 2909 252 3011 longina,
273 2911 378 3008 quod
396 2913 514 2984 lineas
531 2914 711 2984 nimirum
725 2912 894 3008 aequabat
914 2927 1092 3009 quatuor·

81 3025 220 3116 decim,
238 3043 335 3117 erat,
351 3043 394 3100 ut
409 3034 557 3127 priora,
573 3053 594 3100 a
609 3030 723 3100 latere
739 3031 906 3124 positum
919 3028 1091 3119 dexter03

79 3143 235 3218 brevius
260 3160 407 3234 tamen,
426 3145 532 3245 qnod
558 3169 694 3218 novem
720 3145 906 3242 aequabat,
925 3145 1022 3220 latus
1043 3149 1093 3220 si-

79 3265 245 3336 nistrum
267 3263 428 3337 tenebat.
458 3270 588 3363 ltaque
617 3264 792 3338 universa
815 3264 893 3337 haec
917 3266 1092 3365 quinque

80 3405 166 3455 ossa
177 3381 236 3454 bis
250 3387 557 3480 partem-tertiam
572 3435 582 3470 ‚
598 3397 635 3452 et
651 3378 728 3452 lere
751 3381 914 3480 amplius
927 3395 1090 3484 occupa-¹

79 3497 176 3572 bant
195 3498 443 3598 longitudinis
470 3500 585 3571 totius
605 3515 805 3597 processus
822 3500 870 3572 ab
892 3504 1090 3574 anteriori·

80 3613 156 3690 bus
170 3616 413 3715 incipiendo,
436 3635 473 3688 et
493 3623 711 3688 'retrorsum
728 3618 934 3714 pergendo.
956 3623 1092 3694 Praeter
1195 3627 1199 3636 '

82 3734 167 3823 illa,
181 3734 386 3807 ossiculum
401 3748 500 3821 erat,
520 3735 722 3807 novissime
742 3732 897 3808 fortasse
915 3734 1091 3808 efforma-

82 3863 182 3940 tum,
198 3853 308 3924 lentis
324 3851 594 3949 magnitudine.

133 3996 165 4068 7.
191 3968 434 4044 Existimabat
459 3968 650 4058 Valsalva,
676 3967 724 4039 ab
749 3993 794 4040 co
818 3983 989 4066 tempore
1013 3995 1090 4072 quo

157 4088 189 4161 3.
874 4085 918 4163 25
