2808 4664
302 427 371 512 240
469 443 516 490 ns
541 439 688 490 ssnnus
712 442 759 490 rr
782 439 906 490 causis
931 441 1142 492 uonsoanu

252 619 253 624 ,
300 585 452 660 quorem
469 557 740 631 meliceroidem
762 555 925 650 effiffln
949 565 1160 660 occupabat
1181 579 1308 637 autem

294 676 501 778 pericordii
533 675 669 763 basim,
708 698 824 746 unam
848 682 946 748 inter
983 677 1222 780 alteramque
1254 701 1308 758 tu-

297 803 428 868 nicam.
472 795 567 865 Hinc
606 807 706 864 certe
733 794 929 892 intelligis,
957 821 1065 894 posse
1099 800 1307 898 aliquando

296 913 356 984 vel
374 936 491 984 unum
514 935 581 1007 por
598 934 636 984 se
656 926 843 986 tumorem
858 913 1076 1010 pericardii,
1092 917 1306 1015 paipitatio-

297 1055 356 1104 ms
370 1053 518 1102 causam
540 1051 630 1098 esse.
996 1115 1000 1125 J

348 1171 404 1218 20.
425 1149 516 1235 Quae
533 1169 619 1217 cum
639 1146 689 1216 ita
713 1145 805 1233 sint,
822 1145 926 1218 vides
942 1144 1129 1244 profecto,
1153 1152 1196 1221 in
1217 1177 1304 1250 pro-

297 1265 418 1364 posita
440 1264 656 1361 questione,
681 1285 729 1331 an
755 1263 955 1359 pericardii
977 1262 1024 1335 ad
1050 1288 1116 1336 cor
1139 1268 1304 1343 adhaesio

296 1381 411 1476 hujus
427 1380 709 1478 palpitationem
725 1379 876 1466 excitet,
890 1379 1011 1452 multo
1023 1380 1145 1480 pluris
1160 1409 1244 1458 esse
1256 1386 1303 1458 fa·

296 1497 447 1571 ciendas
464 1496 842 1578 observationesilias
862 1522 930 1596 per
943 1521 1034 1594 quas
1053 1500 1093 1570 in
1108 1502 1303 1575 cadaveri·
1398 1491 1399 1510 ¹

295 1614 368 1688 bus
381 1613 475 1686 nibil
487 1612 589 1684 aliud
602 1613 699 1701 vitii,
713 1629 847 1711 praeter
860 1637 942 1686 eam
955 1603 1232 1702 adhaesionem,
1246 1611 1303 1694 de·

294 1732 524 1832 prehensum
549 1745 614 1803 est.
639 1731 755 1826 Cujus
776 1733 922 1830 generis
945 1733 1044 1804 inter
1064 1758 1301 1836 omnesque

295 1874 406 1949 supra
432 1849 499 1946 (1)
527 1847 698 1920 indicate
727 1864 834 1938 sunt,
859 1849 1029 1946 quinque
1059 1853 1301 1948 potissimum

212 2027 213 2032 ,
294 1980 520 2053 occurrunt,
547 1963 586 2036 id
614 1979 669 2036 est
696 1967 885 2054 Sarazeni,
908 1967 1074 2055 Loueri,
1099 1971 1299 2044 Geneven-

294 2086 410 2171 sium,
436 2081 610 2168 Heisteri‚
628 2083 768 2178 Queye.
797 2087 843 2152 Et
864 2082 1118 2181 palpitationis
1143 2085 1297 2183 quidem

245 2272 248 2278 .
293 2185 436 2274 mentio
454 2197 496 2270 fit
513 2200 552 2271 in
569 2200 698 2287 tertia,
726 2199 893 2296 itemque
919 2200 959 2272 in
987 2199 1128 2272 ultima.
1159 2203 1233 2274 Sed
1260 2205 1295 2273 in

293 2316 384 2406 hac,
399 2331 447 2404 ut
457 2317 496 2384 in
514 2315 634 2413 prima
649 2337 826 2412 quoque,
848 2316 1189 2415 minimeapparet,
1208 2345 1295 2418 quo·

293 2432 408 2504 modo
423 2431 569 2528 reliqua
587 2455 625 2504 se
642 2430 843 2504 habuerint
856 2433 1014 2523 viscera,
1029 2449 1066 2505 et
1076 2457 1183 2510 vasa:
1202 2461 1295 2534 quo-

275 2541 377 2622 rum
400 2551 488 2620 vitia
511 2549 680 2646 quadam
700 2573 809 2646 posse
831 2548 1020 2622 interdum
1040 2553 1295 2650 palpitat-ionis
1397 2587 1398 2604 ἢ

292 2691 371 2742 esse
388 2691 536 2756 causas,
557 2683 594 2740 et
614 2667 730 2754 rati0,
748 2681 785 2738 et
801 2691 884 2764 quae
900 2667 1061 2740 subinde
1085 2668 1145 2740 his
1162 2671 1295 2744 litteris

291 2787 441 2885 scripsi,
459 2787 545 2858 satis
559 2783 737 2856 indicant.
759 2789 938 2858 Lowerus
960 2802 1108 2876 autem,
1132 2803 1170 2859 et
1191 2791 1294 2862 Heis-

288 2918 391 2982 terus
408 2926 493 2974 cum
512 2903 551 2974 in
569 2917 786 2972 caeterarum
805 2903 1027 2976 cadaverum
1045 2929 1203 2976 suorum
1214 2931 1294 3005 pan

287 3023 381 3094 tium
405 3021 594 3106 examine,
611 3033 653 3088 ut
672 3045 718 3090 ex
733 3013 930 3122 utriusque
954 3020 1208 3120 descriptione
1226 3049 1293 3122 pa·

287 3153 356 3228 tet,
371 3139 567 3236 diligentes
585 3134 759 3225 fuerunt3
772 3153 856 3226 ,tum
870 3140 900 3210 si
918 3139 1008 3236 qnid
1022 3140 1091 3210 iltae
1106 3139 1292 3216 haberent

277 3257 383 3342 nini,
401 3252 505 3325 facile
531 3279 605 3350 prae
623 3255 782 3340 ceteris,
807 3255 948 3352 quippe
963 3257 1001 3326 in
1021 3281 1061 3328 re
1081 3261 1290 3330 anatomica

286 3384 523 3467 prestantes,
541 3384 701 3467 uterque
714 3385 888 3468 poterant
906 3357 1174 3444 internoscere.
1188 3378 1289 3446 Num

286 3510 377 3559 vero
393 3509 546 3575 eorum,
567 3502 631 3557 aut
648 3489 819 3558 Sarazeni
836 3485 1118 3586 observationes
1132 3493 1288 3590 palpita-

285 3604 339 3674 tio
355 3605 600 3701 praecesserit,
625 3627 670 3674 ex
697 3605 741 3676 iis
767 3629 848 3702 quae
865 3606 1027 3704 singulas
1051 3631 1286 3700 memorans,
1396 3615 1397 3680 i

1144 3791 1150 3806 ι

278 3820 1279 3850 ...ι-...Μ

321 3972 364 4052 (ι)
384 3975 422 4032 n.
439 3974 484 4030 n.
