<?xml version="1.0" encoding="UTF-8"?>
<!DOCTYPE html PUBLIC "-//W3C//DTD XHTML 1.0 Transitional//EN"
    "http://www.w3.org/TR/xhtml1/DTD/xhtml1-transitional.dtd">
<html xmlns="http://www.w3.org/1999/xhtml" xml:lang="en" lang="en">
 <head>
  <title>
</title>
<meta http-equiv="Content-Type" content="text/html;charset=utf-8" />
  <meta name='ocr-system' content='tesseract 3.04.00' />
  <meta name='ocr-capabilities' content='ocr_page ocr_carea ocr_par ocr_line ocrx_word'/>
</head>
<body>
  <div class='ocr_page' id='page_1' title='image "./desedibusetcaus01adelgoog_0318.png"; bbox 0 0 2824 4668; ppageno 0'>
   <div class='ocr_carea' id='block_1_1' title="bbox 147 443 1098 600">
    <p class='ocr_par' dir='ltr' id='par_1_1' title="bbox 147 443 1098 600">
     <span class='ocr_line' id='line_1_1' title="bbox 147 443 1098 600; baseline 0.012 -46"><span class='ocrx_word' id='word_1_1' title='bbox 147 503 217 554; x_wconf 75' lang='lat' dir='ltr'>nur.</span> <span class='ocrx_word' id='word_1_2' title='bbox 244 505 359 600; x_wconf 66' lang='lat' dir='ltr'>repr</span> <span class='ocrx_word' id='word_1_3' title='bbox 385 443 742 575; x_wconf 76' lang='lat' dir='ltr'>uonirsrnoaacrs,</span> <span class='ocrx_word' id='word_1_4' title='bbox 763 511 879 562; x_wconf 70' lang='lat' dir='ltr'>uersu.</span> <span class='ocrx_word' id='word_1_5' title='bbox 899 513 998 562; x_wconf 75' lang='lat' dir='ltr'>xxiv.</span> <span class='ocrx_word' id='word_1_6' title='bbox 1027 491 1098 592; x_wconf 75' lang='lat'>329</span> 
     </span>
    </p>
   </div>
   <div class='ocr_carea' id='block_1_2' title="bbox 10 615 1193 3767">
    <p class='ocr_par' dir='ltr' id='par_1_2' title="bbox 10 615 1193 3767">
     <span class='ocr_line' id='line_1_2' title="bbox 94 615 1100 700; baseline 0.01 -10"><span class='ocrx_word' id='word_1_7' title='bbox 94 615 209 690; x_wconf 82' lang='lat' dir='ltr'>solita</span> <span class='ocrx_word' id='word_1_8' title='bbox 223 622 262 688; x_wconf 83' lang='lat' dir='ltr'>in</span> <span class='ocrx_word' id='word_1_9' title='bbox 273 624 452 690; x_wconf 79' lang='lat' dir='ltr'><em>mortuis:</em></span> <span class='ocrx_word' id='word_1_10' title='bbox 470 643 541 692; x_wconf 89' lang='lat' dir='ltr'>nec</span> <span class='ocrx_word' id='word_1_11' title='bbox 560 618 606 692; x_wconf 88' lang='lat' dir='ltr'>de</span> <span class='ocrx_word' id='word_1_12' title='bbox 623 621 752 693; x_wconf 85' lang='lat' dir='ltr'>ullain</span> <span class='ocrx_word' id='word_1_13' title='bbox 773 623 1014 700; x_wconf 87' lang='lat' dir='ltr'>cadaveribus</span> <span class='ocrx_word' id='word_1_14' title='bbox 1028 630 1100 700; x_wconf 86' lang='lat' dir='ltr'>alia</span> 
     </span>
     <span class='ocr_line' id='line_1_3' title="bbox 95 732 1099 839; baseline 0.01 -32"><span class='ocrx_word' id='word_1_15' title='bbox 95 757 137 807; x_wconf 91' lang='lat' dir='ltr'>re</span> <span class='ocrx_word' id='word_1_16' title='bbox 154 736 272 834; x_wconf 86' lang='lat' dir='ltr'>magis</span> <span class='ocrx_word' id='word_1_17' title='bbox 299 732 455 810; x_wconf 79' lang='lat' dir='ltr'>fortasse</span> <span class='ocrx_word' id='word_1_18' title='bbox 481 739 666 834; x_wconf 88' lang='lat' dir='ltr'>quamde</span> <span class='ocrx_word' id='word_1_19' title='bbox 697 743 896 839; x_wconf 87' lang='lat' dir='ltr'>sangnine,</span> <span class='ocrx_word' id='word_1_20' title='bbox 922 769 1008 832; x_wconf 82' lang='lat' dir='ltr'>vera</span> <span class='ocrx_word' id='word_1_21' title='bbox 1035 747 1099 818; x_wconf 88' lang='lat' dir='ltr'>illa</span> 
     </span>
     <span class='ocr_line' id='line_1_4' title="bbox 96 851 1103 959; baseline 0.009 -34"><span class='ocrx_word' id='word_1_22' title='bbox 96 867 186 926; x_wconf 86' lang='lat' dir='ltr'>sunt</span> <span class='ocrx_word' id='word_1_23' title='bbox 197 851 299 951; x_wconf 92' lang='lat' dir='ltr'>apud</span> <span class='ocrx_word' id='word_1_24' title='bbox 310 853 458 926; x_wconf 87' lang='lat' dir='ltr'><strong>Celsum</strong></span> <span class='ocrx_word' id='word_1_25' title='bbox 469 853 669 951; x_wconf 74' lang='lat' dir='ltr'>(rlverbaz</span> <span class='ocrx_word' id='word_1_26' title='bbox 686 857 761 928; x_wconf 87' lang='lat' dir='ltr'>tole</span> <span class='ocrx_word' id='word_1_27' title='bbox 772 883 866 946; x_wconf 85' lang='lat' dir='ltr'>esse,</span> <span class='ocrx_word' id='word_1_28' title='bbox 883 863 995 959; x_wconf 87' lang='lat' dir='ltr'>quale</span> <span class='ocrx_word' id='word_1_29' title='bbox 1005 887 1103 936; x_wconf 65' lang='lat' dir='ltr'>mon</span> 
     </span>
     <span class='ocr_line' id='line_1_5' title="bbox 95 971 1100 1082; baseline 0.011 -40"><span class='ocrx_word' id='word_1_30' title='bbox 95 975 154 1042; x_wconf 84' lang='lat' dir='ltr'>tui</span> <span class='ocrx_word' id='word_1_31' title='bbox 166 976 229 1058; x_wconf 84' lang='lat' dir='ltr'>sit;</span> <span class='ocrx_word' id='word_1_32' title='bbox 255 971 468 1068; x_wconf 77' lang='lat' dir='ltr'>nonquale</span> <span class='ocrx_word' id='word_1_33' title='bbox 487 976 557 1044; x_wconf 77' lang='lat' dir='ltr'>vivi</span> <span class='ocrx_word' id='word_1_34' title='bbox 573 973 667 1064; x_wconf 81' lang='lat' dir='ltr'>fuit.</span> <span class='ocrx_word' id='word_1_35' title='bbox 694 976 812 1082; x_wconf 86' lang='lat' dir='ltr'>Quam</span> <span class='ocrx_word' id='word_1_36' title='bbox 834 1001 966 1074; x_wconf 91' lang='lat' dir='ltr'>parum</span> <span class='ocrx_word' id='word_1_37' title='bbox 985 981 1100 1078; x_wconf 87' lang='lat' dir='ltr'>igitur</span> 
     </span>
     <span class='ocr_line' id='line_1_6' title="bbox 95 1087 1100 1192; baseline 0.012 -34"><span class='ocrx_word' id='word_1_38' title='bbox 95 1087 198 1186; x_wconf 88' lang='lat' dir='ltr'>apud</span> <span class='ocrx_word' id='word_1_39' title='bbox 233 1087 434 1186; x_wconf 86' lang='lat' dir='ltr'>plerosque</span> <span class='ocrx_word' id='word_1_40' title='bbox 468 1087 686 1187; x_wconf 80' lang='lat' dir='ltr'><strong>profecisset</strong></span> <span class='ocrx_word' id='word_1_41' title='bbox 719 1109 889 1192; x_wconf 87' lang='lat' dir='ltr'>suscepta</span> <span class='ocrx_word' id='word_1_42' title='bbox 923 1095 1046 1169; x_wconf 89' lang='lat' dir='ltr'>obiter</span> <span class='ocrx_word' id='word_1_43' title='bbox 1078 1123 1100 1170; x_wconf 89' lang='lat' dir='ltr'>a</span> 
     </span>
     <span class='ocr_line' id='line_1_7' title="bbox 95 1206 1100 1312; baseline 0.013 -34"><span class='ocrx_word' id='word_1_44' title='bbox 95 1206 350 1308; x_wconf 85' lang='lat' dir='ltr'>Kerchringio</span> <span class='ocrx_word' id='word_1_45' title='bbox 375 1209 602 1308; x_wconf 87' lang='lat' dir='ltr'>polyporum</span> <span class='ocrx_word' id='word_1_46' title='bbox 640 1213 899 1312; x_wconf 84' lang='lat' dir='ltr'>impugnatio,</span> <span class='ocrx_word' id='word_1_47' title='bbox 924 1218 1010 1288; x_wconf 89' lang='lat' dir='ltr'>satis</span> <span class='ocrx_word' id='word_1_48' title='bbox 1037 1220 1100 1290; x_wconf 85' lang='lat' dir='ltr'>su-</span> 
     </span>
     <span class='ocr_line' id='line_1_8' title="bbox 95 1326 1099 1428; baseline 0.008 -31"><span class='ocrx_word' id='word_1_49' title='bbox 95 1347 240 1424; x_wconf 85' lang='lat' dir='ltr'>perque</span> <span class='ocrx_word' id='word_1_50' title='bbox 256 1326 442 1426; x_wconf 82' lang='lat' dir='ltr'>intelligis.</span> <span class='ocrx_word' id='word_1_51' title='bbox 467 1327 539 1416; x_wconf 77' lang='lat' dir='ltr'>Sed</span> <span class='ocrx_word' id='word_1_52' title='bbox 558 1333 664 1402; x_wconf 88' lang='lat' dir='ltr'>Pasta</span> <span class='ocrx_word' id='word_1_53' title='bbox 688 1328 800 1428; x_wconf 84' lang='lat' dir='ltr'>longe</span> <span class='ocrx_word' id='word_1_54' title='bbox 815 1331 884 1402; x_wconf 87' lang='lat' dir='ltr'>alia</span> <span class='ocrx_word' id='word_1_55' title='bbox 901 1333 957 1404; x_wconf 89' lang='lat' dir='ltr'>via</span> <span class='ocrx_word' id='word_1_56' title='bbox 977 1357 1019 1404; x_wconf 92' lang='lat' dir='ltr'>ac</span> <span class='ocrx_word' id='word_1_57' title='bbox 1039 1359 1099 1405; x_wconf 89' lang='lat' dir='ltr'>ra-</span> 
     </span>
     <span class='ocr_line' id='line_1_9' title="bbox 94 1440 1099 1548; baseline 0.008 -32"><span class='ocrx_word' id='word_1_58' title='bbox 94 1445 199 1517; x_wconf 90' lang='lat' dir='ltr'>tione</span> <span class='ocrx_word' id='word_1_59' title='bbox 226 1447 327 1544; x_wconf 85' lang='lat' dir='ltr'>ipsos</span> <span class='ocrx_word' id='word_1_60' title='bbox 355 1440 517 1544; x_wconf 83' lang='lat' dir='ltr'>polypos</span> <span class='ocrx_word' id='word_1_61' title='bbox 541 1472 585 1524; x_wconf 81' lang='lat' dir='ltr'>ex</span> <span class='ocrx_word' id='word_1_62' title='bbox 612 1451 806 1546; x_wconf 89' lang='lat' dir='ltr'>proposito</span> <span class='ocrx_word' id='word_1_63' title='bbox 833 1475 1042 1548; x_wconf 80' lang='lat' dir='ltr'>aggressus,</span> <span class='ocrx_word' id='word_1_64' title='bbox 1059 1454 1099 1524; x_wconf 91' lang='lat' dir='ltr'>iu</span> 
     </span>
     <span class='ocr_line' id='line_1_10' title="bbox 97 1561 1099 1663; baseline 0.006 -29"><span class='ocrx_word' id='word_1_65' title='bbox 97 1561 256 1638; x_wconf 91' lang='lat' dir='ltr'>dubium</span> <span class='ocrx_word' id='word_1_66' title='bbox 270 1563 364 1636; x_wconf 89' lang='lat' dir='ltr'>adeo</span> <span class='ocrx_word' id='word_1_67' title='bbox 374 1567 574 1652; x_wconf 86' lang='lat' dir='ltr'>revocavit,</span> <span class='ocrx_word' id='word_1_68' title='bbox 588 1581 668 1635; x_wconf 90' lang='lat' dir='ltr'>tum</span> <span class='ocrx_word' id='word_1_69' title='bbox 686 1567 841 1663; x_wconf 89' lang='lat' dir='ltr'>epistola</span> <span class='ocrx_word' id='word_1_70' title='bbox 859 1569 898 1636; x_wconf 92' lang='lat' dir='ltr'>in</span> <span class='ocrx_word' id='word_1_71' title='bbox 916 1592 994 1638; x_wconf 89' lang='lat' dir='ltr'>eam</span> <span class='ocrx_word' id='word_1_72' title='bbox 1015 1593 1099 1640; x_wconf 89' lang='lat' dir='ltr'>sen-</span> 
     </span>
     <span class='ocr_line' id='line_1_11' title="bbox 95 1665 1099 1777; baseline 0.003 -27"><span class='ocrx_word' id='word_1_73' title='bbox 95 1680 251 1752; x_wconf 89' lang='lat' dir='ltr'>tentiam</span> <span class='ocrx_word' id='word_1_74' title='bbox 270 1679 390 1769; x_wconf 89' lang='lat' dir='ltr'>edita,</span> <span class='ocrx_word' id='word_1_75' title='bbox 414 1695 495 1751; x_wconf 88' lang='lat' dir='ltr'>tum</span> <span class='ocrx_word' id='word_1_76' title='bbox 523 1665 697 1752; x_wconf 85' lang='lat' dir='ltr'>breviore</span> <span class='ocrx_word' id='word_1_77' title='bbox 720 1682 858 1768; x_wconf 87' lang='lat' dir='ltr'>altera,</span> <span class='ocrx_word' id='word_1_78' title='bbox 878 1705 959 1777; x_wconf 84' lang='lat' dir='ltr'>quae</span> <span class='ocrx_word' id='word_1_79' title='bbox 980 1708 1000 1752; x_wconf 89' lang='lat' dir='ltr'>a</span> <span class='ocrx_word' id='word_1_80' title='bbox 1018 1685 1099 1754; x_wconf 91' lang='lat' dir='ltr'>viro</span> 
     </span>
     <span class='ocr_line' id='line_1_12' title="bbox 97 1795 1099 1894; baseline 0.002 -26"><span class='ocrx_word' id='word_1_81' title='bbox 97 1795 143 1868; x_wconf 90' lang='lat' dir='ltr'>cl.</span> <span class='ocrx_word' id='word_1_82' title='bbox 166 1799 365 1870; x_wconf 88' lang='lat' dir='ltr'>Francisco</span> <span class='ocrx_word' id='word_1_83' title='bbox 384 1795 565 1872; x_wconf 88' lang='lat' dir='ltr'>Roncallo</span> <span class='ocrx_word' id='word_1_84' title='bbox 585 1797 759 1868; x_wconf 89' lang='lat' dir='ltr'>Parolino</span> <span class='ocrx_word' id='word_1_85' title='bbox 779 1799 914 1870; x_wconf 84' lang='lat' dir='ltr'><strong>comite</strong></span> <span class='ocrx_word' id='word_1_86' title='bbox 933 1798 1005 1894; x_wconf 79' lang='lat' dir='ltr'>(a)</span> <span class='ocrx_word' id='word_1_87' title='bbox 1020 1800 1099 1870; x_wconf 90' lang='lat' dir='ltr'>vul-</span> 
     </span>
     <span class='ocr_line' id='line_1_13' title="bbox 96 1913 1099 2012; baseline 0.002 -28"><span class='ocrx_word' id='word_1_88' title='bbox 96 1928 182 2010; x_wconf 85' lang='lat' dir='ltr'>gata</span> <span class='ocrx_word' id='word_1_89' title='bbox 201 1931 277 2004; x_wconf 87' lang='lat' dir='ltr'>est,</span> <span class='ocrx_word' id='word_1_90' title='bbox 295 1929 338 1984; x_wconf 87' lang='lat' dir='ltr'>ut</span> <span class='ocrx_word' id='word_1_91' title='bbox 351 1914 531 2010; x_wconf 84' lang='lat' dir='ltr'>perpauci</span> <span class='ocrx_word' id='word_1_92' title='bbox 544 1913 636 1983; x_wconf 90' lang='lat' dir='ltr'>mibi</span> <span class='ocrx_word' id='word_1_93' title='bbox 645 1915 722 2009; x_wconf 85' lang='lat' dir='ltr'>jam</span> <span class='ocrx_word' id='word_1_94' title='bbox 738 1937 846 2012; x_wconf 89' lang='lat' dir='ltr'>posse</span> <span class='ocrx_word' id='word_1_95' title='bbox 862 1913 1022 2012; x_wconf 84' lang='lat' dir='ltr'>produci</span> <span class='ocrx_word' id='word_1_96' title='bbox 1035 1939 1099 2012; x_wconf 91' lang='lat' dir='ltr'>po·</span> 
     </span>
     <span class='ocr_line' id='line_1_14' title="bbox 95 2029 1101 2129; baseline 0.003 -28"><span class='ocrx_word' id='word_1_97' title='bbox 95 2029 176 2129; x_wconf 91' lang='lat' dir='ltr'>lypi</span> <span class='ocrx_word' id='word_1_98' title='bbox 196 2032 396 2104; x_wconf 88' lang='lat' dir='ltr'>videantur</span> <span class='ocrx_word' id='word_1_99' title='bbox 413 2030 460 2102; x_wconf 88' lang='lat' dir='ltr'>de</span> <span class='ocrx_word' id='word_1_100' title='bbox 479 2029 619 2127; x_wconf 88' lang='lat' dir='ltr'>quibus</span> <span class='ocrx_word' id='word_1_101' title='bbox 638 2055 732 2104; x_wconf 93' lang='lat' dir='ltr'>num</span> <span class='ocrx_word' id='word_1_102' title='bbox 753 2031 820 2103; x_wconf 93' lang='lat' dir='ltr'>diu</span> <span class='ocrx_word' id='word_1_103' title='bbox 835 2045 921 2112; x_wconf 85' lang='lat' dir='ltr'>ante</span> <span class='ocrx_word' id='word_1_104' title='bbox 941 2047 1101 2104; x_wconf 86' lang='lat' dir='ltr'>mortem</span> 
     </span>
     <span class='ocr_line' id='line_1_15' title="bbox 97 2145 1099 2246; baseline 0.002 -28"><span class='ocrx_word' id='word_1_105' title='bbox 97 2145 259 2236; x_wconf 85' lang='lat' dir='ltr'>fuerint,</span> <span class='ocrx_word' id='word_1_106' title='bbox 277 2171 354 2218; x_wconf 91' lang='lat' dir='ltr'>non</span> <span class='ocrx_word' id='word_1_107' title='bbox 367 2145 593 2220; x_wconf 88' lang='lat' dir='ltr'>dubitemus.</span> <span class='ocrx_word' id='word_1_108' title='bbox 605 2147 725 2221; x_wconf 86' lang='lat' dir='ltr'>Etdiu</span> <span class='ocrx_word' id='word_1_109' title='bbox 736 2148 888 2246; x_wconf 89' lang='lat' dir='ltr'>quidem</span> <span class='ocrx_word' id='word_1_110' title='bbox 899 2163 954 2222; x_wconf 89' lang='lat' dir='ltr'>est</span> <span class='ocrx_word' id='word_1_111' title='bbox 967 2175 1010 2222; x_wconf 83' lang='lat' dir='ltr'>ex</span> <span class='ocrx_word' id='word_1_112' title='bbox 1022 2173 1099 2246; x_wconf 92' lang='lat' dir='ltr'>quo</span> 
     </span>
     <span class='ocr_line' id='line_1_16' title="bbox 95 2263 1099 2364; baseline 0.002 -28"><span class='ocrx_word' id='word_1_113' title='bbox 95 2267 178 2362; x_wconf 90' lang='lat' dir='ltr'>ipse</span> <span class='ocrx_word' id='word_1_114' title='bbox 209 2263 381 2336; x_wconf 87' lang='lat' dir='ltr'>dubitare</span> <span class='ocrx_word' id='word_1_115' title='bbox 404 2289 682 2363; x_wconf 85' lang='lat' dir='ltr'>nonnunquam</span> <span class='ocrx_word' id='word_1_116' title='bbox 708 2289 915 2364; x_wconf 85' lang='lat' dir='ltr'>coeperam,</span> <span class='ocrx_word' id='word_1_117' title='bbox 948 2267 1099 2338; x_wconf 90' lang='lat' dir='ltr'>nonde</span> 
     </span>
     <span class='ocr_line' id='line_1_17' title="bbox 98 2371 1099 2482; baseline 0.004 -30"><span class='ocrx_word' id='word_1_118' title='bbox 98 2381 407 2454; x_wconf 81' lang='lat' dir='ltr'>concretionibus</span> <span class='ocrx_word' id='word_1_119' title='bbox 418 2382 497 2454; x_wconf 86' lang='lat' dir='ltr'>istis</span> <span class='ocrx_word' id='word_1_120' title='bbox 514 2371 741 2471; x_wconf 82' lang='lat' dir='ltr'>levioribus,</span> <span class='ocrx_word' id='word_1_121' title='bbox 759 2407 852 2480; x_wconf 91' lang='lat' dir='ltr'>quas</span> <span class='ocrx_word' id='word_1_122' title='bbox 863 2407 947 2456; x_wconf 91' lang='lat' dir='ltr'>cum</span> <span class='ocrx_word' id='word_1_123' title='bbox 966 2385 1004 2454; x_wconf 92' lang='lat' dir='ltr'>in</span> <span class='ocrx_word' id='word_1_124' title='bbox 1015 2385 1099 2482; x_wconf 92' lang='lat' dir='ltr'>ple-</span> 
     </span>
     <span class='ocr_line' id='line_1_18' title="bbox 10 2497 1099 2597; baseline 0.003 -28"><span class='ocrx_word' id='word_1_125' title='bbox 10 2553 13 2576; x_wconf 86' lang='lat'><em>.</em></span> <span class='ocrx_word' id='word_1_126' title='bbox 93 2499 225 2596; x_wconf 89' lang='lat' dir='ltr'>risque</span> <span class='ocrx_word' id='word_1_127' title='bbox 242 2497 486 2572; x_wconf 82' lang='lat' dir='ltr'>cadaveribus</span> <span class='ocrx_word' id='word_1_128' title='bbox 504 2497 690 2584; x_wconf 89' lang='lat' dir='ltr'>viderem,</span> <span class='ocrx_word' id='word_1_129' title='bbox 709 2523 803 2597; x_wconf 79' lang='lat' dir='ltr'>saepe</span> <span class='ocrx_word' id='word_1_130' title='bbox 820 2499 1099 2590; x_wconf 85' lang='lat' dir='ltr'>stomachabar,</span> 
     </span>
     <span class='ocr_line' id='line_1_19' title="bbox 94 2603 1099 2716; baseline 0 -28"><span class='ocrx_word' id='word_1_131' title='bbox 94 2615 287 2688; x_wconf 91' lang='lat' dir='ltr'>interdum</span> <span class='ocrx_word' id='word_1_132' title='bbox 307 2614 567 2706; x_wconf 87' lang='lat' dir='ltr'>subridebam,</span> <span class='ocrx_word' id='word_1_133' title='bbox 584 2603 740 2714; x_wconf 87' lang='lat' dir='ltr'>siquem</span> <span class='ocrx_word' id='word_1_134' title='bbox 762 2615 857 2690; x_wconf 84' lang='lat' dir='ltr'>forte</span> <span class='ocrx_word' id='word_1_135' title='bbox 874 2642 1005 2690; x_wconf 90' lang='lat' dir='ltr'>eorum</span> <span class='ocrx_word' id='word_1_136' title='bbox 1032 2619 1099 2716; x_wconf 92' lang='lat' dir='ltr'>qui</span> 
     </span>
     <span class='ocr_line' id='line_1_20' title="bbox 95 2732 1096 2831; baseline 0.004 -28"><span class='ocrx_word' id='word_1_137' title='bbox 95 2733 270 2822; x_wconf 81' lang='lat' dir='ltr'>aderant,</span> <span class='ocrx_word' id='word_1_138' title='bbox 291 2733 461 2814; x_wconf 85' lang='lat' dir='ltr'>audirem</span> <span class='ocrx_word' id='word_1_139' title='bbox 482 2733 571 2805; x_wconf 90' lang='lat' dir='ltr'>inde</span> <span class='ocrx_word' id='word_1_140' title='bbox 594 2747 827 2831; x_wconf 88' lang='lat' dir='ltr'>repetentem</span> <span class='ocrx_word' id='word_1_141' title='bbox 856 2732 980 2806; x_wconf 87' lang='lat' dir='ltr'>morbi</span> <span class='ocrx_word' id='word_1_142' title='bbox 1007 2759 1096 2807; x_wconf 89' lang='lat' dir='ltr'>cau-</span> 
     </span>
     <span class='ocr_line' id='line_1_21' title="bbox 96 2849 1098 2948; baseline 0.002 -26"><span class='ocrx_word' id='word_1_143' title='bbox 96 2873 193 2938; x_wconf 83' lang='lat' dir='ltr'>sam,</span> <span class='ocrx_word' id='word_1_144' title='bbox 212 2873 295 2948; x_wconf 84' lang='lat' dir='ltr'>quae</span> <span class='ocrx_word' id='word_1_145' title='bbox 326 2875 364 2922; x_wconf 89' lang='lat' dir='ltr'>se</span> <span class='ocrx_word' id='word_1_146' title='bbox 392 2851 466 2923; x_wconf 91' lang='lat' dir='ltr'>alio</span> <span class='ocrx_word' id='word_1_147' title='bbox 489 2850 575 2922; x_wconf 94' lang='lat' dir='ltr'>loco</span> <span class='ocrx_word' id='word_1_148' title='bbox 602 2853 688 2923; x_wconf 90' lang='lat' dir='ltr'>satis</span> <span class='ocrx_word' id='word_1_149' title='bbox 715 2849 923 2948; x_wconf 82' lang='lat' dir='ltr'>prodebat3</span> <span class='ocrx_word' id='word_1_150' title='bbox 956 2850 1020 2924; x_wconf 91' lang='lat' dir='ltr'>sed</span> <span class='ocrx_word' id='word_1_151' title='bbox 1051 2851 1098 2924; x_wconf 91' lang='lat' dir='ltr'>de</span> 
     </span>
     <span class='ocr_line' id='line_1_22' title="bbox 95 2965 1099 3065; baseline 0.002 -27"><span class='ocrx_word' id='word_1_152' title='bbox 95 2969 241 3065; x_wconf 85' lang='lat' dir='ltr'>magnis</span> <span class='ocrx_word' id='word_1_153' title='bbox 269 2992 312 3040; x_wconf 91' lang='lat' dir='ltr'>ac</span> <span class='ocrx_word' id='word_1_154' title='bbox 340 2966 560 3058; x_wconf 82' lang='lat' dir='ltr'>durioribus</span> <span class='ocrx_word' id='word_1_155' title='bbox 591 2965 917 3054; x_wconf 88' lang='lat' dir='ltr'>concretionibus,</span> <span class='ocrx_word' id='word_1_156' title='bbox 942 2981 985 3038; x_wconf 91' lang='lat' dir='ltr'>nt</span> <span class='ocrx_word' id='word_1_157' title='bbox 1008 2992 1099 3063; x_wconf 89' lang='lat' dir='ltr'>quas</span> 
     </span>
     <span class='ocr_line' id='line_1_23' title="bbox 95 3083 1099 3184; baseline 0 -28"><span class='ocrx_word' id='word_1_158' title='bbox 95 3109 198 3179; x_wconf 89' lang='lat' dir='ltr'>anno</span> <span class='ocrx_word' id='word_1_159' title='bbox 218 3086 310 3184; x_wconf 85' lang='lat'>1703</span> <span class='ocrx_word' id='word_1_160' title='bbox 323 3083 478 3174; x_wconf 85' lang='lat' dir='ltr'>offendi,</span> <span class='ocrx_word' id='word_1_161' title='bbox 490 3101 695 3181; x_wconf 88' lang='lat' dir='ltr'>utrumque</span> <span class='ocrx_word' id='word_1_162' title='bbox 708 3083 833 3172; x_wconf 90' lang='lat' dir='ltr'>cordis</span> <span class='ocrx_word' id='word_1_163' title='bbox 846 3083 1099 3156; x_wconf 87' lang='lat' dir='ltr'>ventriculum</span> 
     </span>
     <span class='ocr_line' id='line_1_24' title="bbox 96 3191 1193 3300; baseline 0 -26"><span class='ocrx_word' id='word_1_164' title='bbox 96 3215 134 3274; x_wconf 89' lang='lat' dir='ltr'>et</span> <span class='ocrx_word' id='word_1_165' title='bbox 151 3225 304 3300; x_wconf 82' lang='lat' dir='ltr'>magna,</span> <span class='ocrx_word' id='word_1_166' title='bbox 334 3202 394 3276; x_wconf 87' lang='lat' dir='ltr'>his</span> <span class='ocrx_word' id='word_1_167' title='bbox 421 3202 589 3300; x_wconf 83' lang='lat' dir='ltr'>adjecta,</span> <span class='ocrx_word' id='word_1_168' title='bbox 609 3224 695 3272; x_wconf 89' lang='lat' dir='ltr'>vasa</span> <span class='ocrx_word' id='word_1_169' title='bbox 720 3199 847 3270; x_wconf 80' lang='lat' dir='ltr'>omniu</span> <span class='ocrx_word' id='word_1_170' title='bbox 873 3215 1100 3298; x_wconf 85' lang='lat' dir='ltr'>occupantes</span> <span class='ocrx_word' id='word_1_171' title='bbox 1190 3191 1193 3198; x_wconf 42' lang='lat'><strong><em>⁴</em></strong></span> 
     </span>
     <span class='ocr_line' id='line_1_25' title="bbox 96 3315 1099 3417; baseline 0.004 -29"><span class='ocrx_word' id='word_1_172' title='bbox 96 3315 375 3407; x_wconf 76' lang='lat' dir='ltr'>adolescentis,</span> <span class='ocrx_word' id='word_1_173' title='bbox 392 3344 505 3417; x_wconf 90' lang='lat' dir='ltr'>quem</span> <span class='ocrx_word' id='word_1_174' title='bbox 532 3319 630 3390; x_wconf 88' lang='lat' dir='ltr'>intra</span> <span class='ocrx_word' id='word_1_175' title='bbox 656 3315 735 3388; x_wconf 90' lang='lat' dir='ltr'>dies</span> <span class='ocrx_word' id='word_1_176' title='bbox 761 3329 836 3404; x_wconf 77' lang='lat' dir='ltr'>tres</span> <span class='ocrx_word' id='word_1_177' title='bbox 864 3315 1099 3391; x_wconf 88' lang='lat' dir='ltr'>acutissimus</span> 
     </span>
     <span class='ocr_line' id='line_1_26' title="bbox 96 3431 1098 3534; baseline -0.001 -28"><span class='ocrx_word' id='word_1_178' title='bbox 96 3435 297 3507; x_wconf 87' lang='lat' dir='ltr'>sustulerat</span> <span class='ocrx_word' id='word_1_179' title='bbox 313 3436 493 3526; x_wconf 88' lang='lat' dir='ltr'>morbus,</span> <span class='ocrx_word' id='word_1_180' title='bbox 515 3436 581 3534; x_wconf 91' lang='lat' dir='ltr'>qui</span> <span class='ocrx_word' id='word_1_181' title='bbox 597 3433 707 3530; x_wconf 84' lang='lat' dir='ltr'>cujus</span> <span class='ocrx_word' id='word_1_182' title='bbox 724 3431 870 3530; x_wconf 85' lang='lat' dir='ltr'>generis</span> <span class='ocrx_word' id='word_1_183' title='bbox 888 3441 998 3520; x_wconf 87' lang='lat' dir='ltr'>esset,</span> <span class='ocrx_word' id='word_1_184' title='bbox 1019 3458 1098 3506; x_wconf 93' lang='lat' dir='ltr'>non</span> 
     </span>
     <span class='ocr_line' id='line_1_27' title="bbox 96 3549 1099 3648; baseline -0.003 -24"><span class='ocrx_word' id='word_1_185' title='bbox 96 3549 297 3640; x_wconf 82' lang='lat' dir='ltr'>adnotavi3</span> <span class='ocrx_word' id='word_1_186' title='bbox 335 3553 508 3624; x_wconf 87' lang='lat' dir='ltr'>adnotavi</span> <span class='ocrx_word' id='word_1_187' title='bbox 551 3566 674 3623; x_wconf 88' lang='lat' dir='ltr'>autem</span> <span class='ocrx_word' id='word_1_188' title='bbox 713 3550 963 3648; x_wconf 90' lang='lat' dir='ltr'>suspicionem</span> <span class='ocrx_word' id='word_1_189' title='bbox 1001 3549 1099 3622; x_wconf 86' lang='lat' dir='ltr'>hanc</span> 
     </span>
     <span class='ocr_line' id='line_1_28' title="bbox 95 3667 1144 3767; baseline 0.001 -30"><span class='ocrx_word' id='word_1_190' title='bbox 95 3691 242 3756; x_wconf 90' lang='lat' dir='ltr'>meam,</span> <span class='ocrx_word' id='word_1_191' title='bbox 262 3668 436 3742; x_wconf 85' lang='lat' dir='ltr'>videlicet</span> <span class='ocrx_word' id='word_1_192' title='bbox 456 3692 544 3740; x_wconf 93' lang='lat' dir='ltr'>cum</span> <span class='ocrx_word' id='word_1_193' title='bbox 568 3669 748 3767; x_wconf 90' lang='lat' dir='ltr'>perpauci</span> <span class='ocrx_word' id='word_1_194' title='bbox 773 3667 954 3739; x_wconf 83' lang='lat' dir='ltr'>duntaxat</span> <span class='ocrx_word' id='word_1_195' title='bbox 974 3667 1097 3763; x_wconf 84' lang='lat' dir='ltr'>exigui</span> <span class='ocrx_word' id='word_1_196' title='bbox 1139 3688 1144 3694; x_wconf 82' lang='lat'><em>·</em></span> 
     </span>
    </p>
   </div>
   <div class='ocr_carea' id='block_1_3' title="bbox 135 3947 773 4131">
    <p class='ocr_par' dir='ltr' id='par_1_3' title="bbox 135 3947 773 4131">
     <span class='ocr_line' id='line_1_29' title="bbox 135 3947 507 4028; baseline -0.008 -17"><span class='ocrx_word' id='word_1_197' title='bbox 135 3947 180 4026; x_wconf 77' lang='lat'>(1)</span> <span class='ocrx_word' id='word_1_198' title='bbox 201 3951 245 4008; x_wconf 89' lang='lat' dir='ltr'>De</span> <span class='ocrx_word' id='word_1_199' title='bbox 261 3952 367 4010; x_wconf 87' lang='lat' dir='ltr'>medic.</span> <span class='ocrx_word' id='word_1_200' title='bbox 383 3953 414 4008; x_wconf 91' lang='lat' dir='ltr'>in</span> <span class='ocrx_word' id='word_1_201' title='bbox 425 3954 507 4028; x_wconf 72' lang='lat' dir='ltr'>prael.</span> 
     </span>
     <span class='ocr_line' id='line_1_30' title="bbox 135 4045 773 4131; baseline -0.016 -18"><span class='ocrx_word' id='word_1_202' title='bbox 135 4045 181 4128; x_wconf 81' lang='lat'>(2)</span> <span class='ocrx_word' id='word_1_203' title='bbox 200 4051 237 4108; x_wconf 87' lang='lat' dir='ltr'>In</span> <span class='ocrx_word' id='word_1_204' title='bbox 252 4051 394 4130; x_wconf 79' lang='lat' dir='ltr'>Epistolis</span> <span class='ocrx_word' id='word_1_205' title='bbox 406 4064 476 4131; x_wconf 80' lang='lat' dir='ltr'>post</span> <span class='ocrx_word' id='word_1_206' title='bbox 491 4049 773 4111; x_wconf 83' lang='lat' dir='ltr'>historiasmorhor.</span> 
     </span>
    </p>
   </div>
   <div class='ocr_carea' id='block_1_4' title="bbox 0 0 1416 4668">
    <p class='ocr_par' dir='ltr' id='par_1_4' title="bbox 0 0 1416 4668">
     <span class='ocr_line' id='line_1_31' title="bbox 0 0 1416 4668; baseline 0 0"><span class='ocrx_word' id='word_1_207' title='bbox 0 0 1416 4668; x_wconf 95' lang='lat' dir='ltr'> </span> 
     </span>
    </p>
   </div>
  </div>
 </body>
</html>
