<?xml version="1.0" encoding="UTF-8"?>
<!DOCTYPE html PUBLIC "-//W3C//DTD XHTML 1.0 Transitional//EN"
    "http://www.w3.org/TR/xhtml1/DTD/xhtml1-transitional.dtd">
<html xmlns="http://www.w3.org/1999/xhtml" xml:lang="en" lang="en">
 <head>
  <title>
</title>
<meta http-equiv="Content-Type" content="text/html;charset=utf-8" />
  <meta name='ocr-system' content='tesseract 3.04.00' />
  <meta name='ocr-capabilities' content='ocr_page ocr_carea ocr_par ocr_line ocrx_word'/>
</head>
<body>
  <div class='ocr_page' id='page_1' title='image "./desedibusetcaus01adelgoog_0501.png"; bbox 0 0 2820 4668; ppageno 0'>
   <div class='ocr_carea' id='block_1_1' title="bbox 315 463 1154 539">
    <p class='ocr_par' dir='ltr' id='par_1_1' title="bbox 315 463 1154 539">
     <span class='ocr_line' id='line_1_1' title="bbox 315 463 1154 539; baseline -0.001 -2"><span class='ocrx_word' id='word_1_1' title='bbox 315 463 387 537; x_wconf 74' lang='lat'><strong>516</strong></span> <span class='ocrx_word' id='word_1_2' title='bbox 478 487 524 539; x_wconf 82' lang='lat' dir='ltr'><strong>na</strong></span> <span class='ocrx_word' id='word_1_3' title='bbox 551 485 698 534; x_wconf 75' lang='lat' dir='ltr'><strong>sumans</strong></span> <span class='ocrx_word' id='word_1_4' title='bbox 723 487 767 534; x_wconf 82' lang='lat' dir='ltr'><strong>nr</strong></span> <span class='ocrx_word' id='word_1_5' title='bbox 793 485 918 534; x_wconf 81' lang='lat' dir='ltr'><strong>cansls</strong></span> <span class='ocrx_word' id='word_1_6' title='bbox 943 487 1154 536; x_wconf 76' lang='lat' dir='ltr'><strong>noaaoaun</strong></span> 
     </span>
    </p>
   </div>
   <div class='ocr_carea' id='block_1_2' title="bbox 309 599 1327 2113">
    <p class='ocr_par' dir='ltr' id='par_1_2' title="bbox 309 599 1327 2113">
     <span class='ocr_line' id='line_1_2' title="bbox 312 599 1326 700; baseline -0.002 -23"><span class='ocrx_word' id='word_1_7' title='bbox 312 603 453 677; x_wconf 86' lang='lat' dir='ltr'><strong>sinistri</strong></span> <span class='ocrx_word' id='word_1_8' title='bbox 465 601 664 674; x_wconf 89' lang='lat' dir='ltr'><strong>ventriculi</strong></span> <span class='ocrx_word' id='word_1_9' title='bbox 677 599 844 672; x_wconf 85' lang='lat' dir='ltr'><strong>dilatatio</strong></span> <span class='ocrx_word' id='word_1_10' title='bbox 862 599 966 691; x_wconf 81' lang='lat' dir='ltr'><strong>facit,</strong></span> <span class='ocrx_word' id='word_1_11' title='bbox 978 617 1021 674; x_wconf 94' lang='lat' dir='ltr'><strong>ut</strong></span> <span class='ocrx_word' id='word_1_12' title='bbox 1040 617 1185 700; x_wconf 89' lang='lat' dir='ltr'><strong>quanto</strong></span> <span class='ocrx_word' id='word_1_13' title='bbox 1196 604 1326 675; x_wconf 89' lang='lat' dir='ltr'><strong>minus</strong></span> 
     </span>
     <span class='ocr_line' id='line_1_3' title="bbox 313 719 1326 819; baseline -0.004 -25"><span class='ocrx_word' id='word_1_14' title='bbox 313 721 502 819; x_wconf 84' lang='lat' dir='ltr'><strong>sanguinis</strong></span> <span class='ocrx_word' id='word_1_15' title='bbox 519 721 556 790; x_wconf 90' lang='lat' dir='ltr'><strong>in</strong></span> <span class='ocrx_word' id='word_1_16' title='bbox 570 733 713 790; x_wconf 90' lang='lat' dir='ltr'><strong>aortam</strong></span> <span class='ocrx_word' id='word_1_17' title='bbox 730 733 855 816; x_wconf 85' lang='lat' dir='ltr'><strong>potest</strong></span> <span class='ocrx_word' id='word_1_18' title='bbox 869 719 1036 808; x_wconf 85' lang='lat' dir='ltr'><strong>extrudi,</strong></span> <span class='ocrx_word' id='word_1_19' title='bbox 1049 735 1157 792; x_wconf 90' lang='lat' dir='ltr'><strong>tanto</strong></span> <span class='ocrx_word' id='word_1_20' title='bbox 1169 745 1326 818; x_wconf 90' lang='lat' dir='ltr'><strong>quoqne</strong></span> 
     </span>
     <span class='ocr_line' id='line_1_4' title="bbox 313 834 1326 936; baseline -0.003 -26"><span class='ocrx_word' id='word_1_21' title='bbox 313 841 440 910; x_wconf 91' lang='lat' dir='ltr'><strong>minus</strong></span> <span class='ocrx_word' id='word_1_22' title='bbox 462 864 482 910; x_wconf 89' lang='lat' dir='ltr'><strong>e</strong></span> <span class='ocrx_word' id='word_1_23' title='bbox 507 834 753 936; x_wconf 90' lang='lat' dir='ltr'><strong>pulmonibus</strong></span> <span class='ocrx_word' id='word_1_24' title='bbox 779 835 925 908; x_wconf 81' lang='lat' dir='ltr'><strong>admitti</strong></span> <span class='ocrx_word' id='word_1_25' title='bbox 951 839 1091 935; x_wconf 86' lang='lat' dir='ltr'><strong>possit,</strong></span> <span class='ocrx_word' id='word_1_26' title='bbox 1114 838 1223 909; x_wconf 88' lang='lat' dir='ltr'><strong>unde</strong></span> <span class='ocrx_word' id='word_1_27' title='bbox 1248 852 1326 909; x_wconf 90' lang='lat' dir='ltr'><strong>tum</strong></span> 
     </span>
     <span class='ocr_line' id='line_1_5' title="bbox 314 953 1327 1055; baseline -0.004 -25"><span class='ocrx_word' id='word_1_28' title='bbox 314 958 482 1055; x_wconf 91' lang='lat' dir='ltr'><strong>spirandi</strong></span> <span class='ocrx_word' id='word_1_29' title='bbox 499 953 702 1026; x_wconf 84' lang='lat' dir='ltr'><strong>difficultas</strong></span> <span class='ocrx_word' id='word_1_30' title='bbox 724 954 845 1024; x_wconf 85' lang='lat' dir='ltr'><strong>oritur</strong></span> <span class='ocrx_word' id='word_1_31' title='bbox 865 957 1024 1051; x_wconf 86' lang='lat' dir='ltr'><strong>gravatis</strong></span> <span class='ocrx_word' id='word_1_32' title='bbox 1040 957 1229 1053; x_wconf 90' lang='lat' dir='ltr'><strong>sanguine</strong></span> <span class='ocrx_word' id='word_1_33' title='bbox 1244 957 1327 1054; x_wconf 90' lang='lat' dir='ltr'><strong>pnl-</strong></span> 
     </span>
     <span class='ocr_line' id='line_1_6' title="bbox 312 1071 1324 1170; baseline -0.002 -22"><span class='ocrx_word' id='word_1_34' title='bbox 312 1074 515 1162; x_wconf 88' lang='lat' dir='ltr'><strong>monibus,</strong></span> <span class='ocrx_word' id='word_1_35' title='bbox 537 1089 619 1144; x_wconf 89' lang='lat' dir='ltr'><strong>tum</strong></span> <span class='ocrx_word' id='word_1_36' title='bbox 641 1096 750 1156; x_wconf 86' lang='lat' dir='ltr'><strong>mors</strong></span> <span class='ocrx_word' id='word_1_37' title='bbox 778 1071 943 1169; x_wconf 90' lang='lat' dir='ltr'><strong>denique</strong></span> <span class='ocrx_word' id='word_1_38' title='bbox 973 1075 1177 1170; x_wconf 88' lang='lat' dir='ltr'><strong>repentina</strong></span> <span class='ocrx_word' id='word_1_39' title='bbox 1204 1074 1274 1146; x_wconf 93' lang='lat' dir='ltr'><strong>ubi</strong></span> <span class='ocrx_word' id='word_1_40' title='bbox 1296 1077 1324 1146; x_wconf 88' lang='lat' dir='ltr'><strong>is</strong></span> 
     </span>
     <span class='ocr_line' id='line_1_7' title="bbox 310 1189 1321 1288; baseline -0.005 -22"><span class='ocrx_word' id='word_1_41' title='bbox 310 1189 543 1266; x_wconf 80' lang='lat' dir='ltr'><strong>ventriculus</strong></span> <span class='ocrx_word' id='word_1_42' title='bbox 562 1189 680 1288; x_wconf 86' lang='lat' dir='ltr'><strong>magis¹</strong></span> <span class='ocrx_word' id='word_1_43' title='bbox 694 1211 859 1286; x_wconf 91' lang='lat' dir='ltr'><strong>semper,</strong></span> <span class='ocrx_word' id='word_1_44' title='bbox 878 1191 1073 1288; x_wconf 85' lang='lat' dir='ltr'><strong>magisque</strong></span> <span class='ocrx_word' id='word_1_45' title='bbox 1098 1191 1273 1279; x_wconf 88' lang='lat' dir='ltr'><strong>laxatus,</strong></span> <span class='ocrx_word' id='word_1_46' title='bbox 1287 1215 1321 1263; x_wconf 86' lang='lat' dir='ltr'><strong>ea</strong></span> 
     </span>
     <span class='ocr_line' id='line_1_8' title="bbox 309 1305 1321 1407; baseline -0.004 -25"><span class='ocrx_word' id='word_1_47' title='bbox 309 1309 462 1382; x_wconf 89' lang='lat' dir='ltr'><strong>tandem</strong></span> <span class='ocrx_word' id='word_1_48' title='bbox 481 1307 673 1406; x_wconf 87' lang='lat' dir='ltr'><strong>sanguinis</strong></span> <span class='ocrx_word' id='word_1_49' title='bbox 691 1307 800 1404; x_wconf 89' lang='lat' dir='ltr'><strong>copia</strong></span> <span class='ocrx_word' id='word_1_50' title='bbox 817 1305 1013 1394; x_wconf 87' lang='lat' dir='ltr'><strong>obruitur,</strong></span> <span class='ocrx_word' id='word_1_51' title='bbox 1032 1324 1075 1380; x_wconf 88' lang='lat' dir='ltr'><strong>ut</strong></span> <span class='ocrx_word' id='word_1_52' title='bbox 1098 1333 1136 1381; x_wconf 90' lang='lat' dir='ltr'><strong>se</strong></span> <span class='ocrx_word' id='word_1_53' title='bbox 1162 1324 1321 1407; x_wconf 85' lang='lat' dir='ltr'><strong>nequeat</strong></span> 
     </span>
     <span class='ocr_line' id='line_1_9' title="bbox 310 1420 1319 1524; baseline 0 -26"><span class='ocrx_word' id='word_1_54' title='bbox 310 1420 546 1499; x_wconf 83' lang='lat' dir='ltr'><strong>contrahere.</strong></span> <span class='ocrx_word' id='word_1_55' title='bbox 568 1425 685 1524; x_wconf 84' lang='lat' dir='ltr'><strong>Copia</strong></span> <span class='ocrx_word' id='word_1_56' title='bbox 706 1439 832 1498; x_wconf 90' lang='lat' dir='ltr'><strong>autem</strong></span> <span class='ocrx_word' id='word_1_57' title='bbox 850 1427 1063 1524; x_wconf 84' lang='lat' dir='ltr'><strong>sanguinis,</strong></span> <span class='ocrx_word' id='word_1_58' title='bbox 1078 1451 1158 1524; x_wconf 89' lang='lat' dir='ltr'><strong>qua</strong></span> <span class='ocrx_word' id='word_1_59' title='bbox 1171 1452 1257 1498; x_wconf 93' lang='lat' dir='ltr'><strong>non</strong></span> <span class='ocrx_word' id='word_1_60' title='bbox 1271 1427 1319 1498; x_wconf 90' lang='lat' dir='ltr'><strong>bis</strong></span> 
     </span>
     <span class='ocr_line' id='line_1_10' title="bbox 309 1541 1317 1642; baseline -0.004 -25"><span class='ocrx_word' id='word_1_61' title='bbox 309 1543 428 1618; x_wconf 90' lang='lat' dir='ltr'><strong>modo</strong></span> <span class='ocrx_word' id='word_1_62' title='bbox 447 1546 487 1616; x_wconf 91' lang='lat' dir='ltr'><strong>in</strong></span> <span class='ocrx_word' id='word_1_63' title='bbox 512 1541 688 1629; x_wconf 86' lang='lat' dir='ltr'><strong>casibus,</strong></span> <span class='ocrx_word' id='word_1_64' title='bbox 716 1541 782 1614; x_wconf 93' lang='lat' dir='ltr'><strong>sed</strong></span> <span class='ocrx_word' id='word_1_65' title='bbox 810 1557 847 1614; x_wconf 92' lang='lat' dir='ltr'><strong>et</strong></span> <span class='ocrx_word' id='word_1_66' title='bbox 871 1545 912 1614; x_wconf 91' lang='lat' dir='ltr'><strong>in</strong></span> <span class='ocrx_word' id='word_1_67' title='bbox 934 1543 1013 1615; x_wconf 89' lang='lat' dir='ltr'><strong>aliis</strong></span> <span class='ocrx_word' id='word_1_68' title='bbox 1033 1546 1317 1642; x_wconf 87' lang='lat' dir='ltr'><strong>repentinarum</strong></span> 
     </span>
     <span class='ocr_line' id='line_1_11' title="bbox 309 1659 1316 1759; baseline -0.004 -23"><span class='ocrx_word' id='word_1_69' title='bbox 309 1665 491 1736; x_wconf 87' lang='lat' dir='ltr'><strong>mortium</strong></span> <span class='ocrx_word' id='word_1_70' title='bbox 509 1661 612 1733; x_wconf 86' lang='lat' dir='ltr'><strong>baud</strong></span> <span class='ocrx_word' id='word_1_71' title='bbox 629 1661 680 1732; x_wconf 89' lang='lat' dir='ltr'><strong>ita</strong></span> <span class='ocrx_word' id='word_1_72' title='bbox 696 1685 784 1732; x_wconf 89' lang='lat' dir='ltr'><strong>raro</strong></span> <span class='ocrx_word' id='word_1_73' title='bbox 798 1659 973 1758; x_wconf 90' lang='lat' dir='ltr'><strong>oppletus</strong></span> <span class='ocrx_word' id='word_1_74' title='bbox 991 1661 1316 1759; x_wconf 73' lang='lat' dir='ltr'><strong>conspicitur,ve</strong></span> 
     </span>
     <span class='ocr_line' id='line_1_12' title="bbox 309 1765 1317 1879; baseline -0.005 -23"><span class='ocrx_word' id='word_1_75' title='bbox 309 1784 400 1872; x_wconf 88' lang='lat' dir='ltr'><strong>luti,</strong></span> <span class='ocrx_word' id='word_1_76' title='bbox 415 1765 464 1854; x_wconf 87' lang='lat' dir='ltr'><strong>ne</strong></span> <span class='ocrx_word' id='word_1_77' title='bbox 483 1781 595 1879; x_wconf 87' lang='lat' dir='ltr'><strong>longe</strong></span> <span class='ocrx_word' id='word_1_78' title='bbox 611 1778 701 1850; x_wconf 89' lang='lat' dir='ltr'><strong>hinc</strong></span> <span class='ocrx_word' id='word_1_79' title='bbox 716 1777 927 1877; x_wconf 84' lang='lat' dir='ltr'><strong>digrediar,</strong></span> <span class='ocrx_word' id='word_1_80' title='bbox 941 1779 980 1852; x_wconf 90' lang='lat' dir='ltr'><strong>in</strong></span> <span class='ocrx_word' id='word_1_81' title='bbox 995 1777 1134 1850; x_wconf 88' lang='lat' dir='ltr'><strong>femina</strong></span> <span class='ocrx_word' id='word_1_82' title='bbox 1143 1778 1213 1851; x_wconf 90' lang='lat' dir='ltr'><strong>illa</strong></span> <span class='ocrx_word' id='word_1_83' title='bbox 1226 1782 1317 1878; x_wconf 89' lang='lat' dir='ltr'><strong>prin·</strong></span> 
     </span>
     <span class='ocr_line' id='line_1_13' title="bbox 311 1895 1320 1999; baseline -0.006 -26"><span class='ocrx_word' id='word_1_84' title='bbox 311 1902 411 1999; x_wconf 89' lang='lat' dir='ltr'><strong>cipe,</strong></span> <span class='ocrx_word' id='word_1_85' title='bbox 425 1923 540 1997; x_wconf 91' lang='lat' dir='ltr'><strong>quam</strong></span> <span class='ocrx_word' id='word_1_86' title='bbox 555 1919 667 1996; x_wconf 89' lang='lat' dir='ltr'><strong>supra</strong></span> <span class='ocrx_word' id='word_1_87' title='bbox 680 1897 736 1994; x_wconf 88' lang='lat'><strong>(1)</strong></span> <span class='ocrx_word' id='word_1_88' title='bbox 749 1922 794 1968; x_wconf 86' lang='lat' dir='ltr'><strong>ex</strong></span> <span class='ocrx_word' id='word_1_89' title='bbox 809 1895 996 1969; x_wconf 84' lang='lat' dir='ltr'><strong>Morando</strong></span> <span class='ocrx_word' id='word_1_90' title='bbox 1010 1899 1320 1984; x_wconf 80' lang='lat' dir='ltr'><strong>commemorari,</strong></span> 
     </span>
     <span class='ocr_line' id='line_1_14' title="bbox 310 2012 1319 2113; baseline -0.006 -22"><span class='ocrx_word' id='word_1_91' title='bbox 310 2032 348 2091; x_wconf 88' lang='lat' dir='ltr'><strong>et</strong></span> <span class='ocrx_word' id='word_1_92' title='bbox 374 2019 413 2088; x_wconf 92' lang='lat' dir='ltr'><strong>in</strong></span> <span class='ocrx_word' id='word_1_93' title='bbox 437 2015 592 2104; x_wconf 86' lang='lat' dir='ltr'><strong>ancilla,</strong></span> <span class='ocrx_word' id='word_1_94' title='bbox 622 2013 669 2088; x_wconf 85' lang='lat' dir='ltr'><strong>de</strong></span> <span class='ocrx_word' id='word_1_95' title='bbox 700 2015 843 2112; x_wconf 87' lang='lat' dir='ltr'><strong>quain</strong></span> <span class='ocrx_word' id='word_1_96' title='bbox 873 2012 945 2086; x_wconf 89' lang='lat' dir='ltr'><strong>bac</strong></span> <span class='ocrx_word' id='word_1_97' title='bbox 972 2016 1053 2112; x_wconf 90' lang='lat' dir='ltr'><strong>ipsa</strong></span> <span class='ocrx_word' id='word_1_98' title='bbox 1083 2014 1319 2113; x_wconf 87' lang='lat' dir='ltr'><strong>Sepulcbreti</strong></span> 
     </span>
    </p>
   </div>
   <div class='ocr_carea' id='block_1_3' title="bbox 311 2129 1399 2230">
    <p class='ocr_par' dir='ltr' id='par_1_3' title="bbox 311 2129 1399 2230">
     <span class='ocr_line' id='line_1_15' title="bbox 311 2129 1399 2230; baseline -0.006 -21"><span class='ocrx_word' id='word_1_99' title='bbox 311 2139 479 2210; x_wconf 85' lang='lat' dir='ltr'><strong>sectione</strong></span> <span class='ocrx_word' id='word_1_100' title='bbox 497 2138 561 2205; x_wconf 87' lang='lat' dir='ltr'><strong>XI.</strong></span> <span class='ocrx_word' id='word_1_101' title='bbox 584 2133 663 2204; x_wconf 92' lang='lat' dir='ltr'><strong>obs.</strong></span> <span class='ocrx_word' id='word_1_102' title='bbox 686 2135 747 2202; x_wconf 84' lang='lat' dir='ltr'><strong>XI.</strong></span> <span class='ocrx_word' id='word_1_103' title='bbox 769 2145 807 2204; x_wconf 92' lang='lat' dir='ltr'><strong>et</strong></span> <span class='ocrx_word' id='word_1_104' title='bbox 831 2132 869 2202; x_wconf 92' lang='lat' dir='ltr'><strong>in</strong></span> <span class='ocrx_word' id='word_1_105' title='bbox 890 2132 971 2203; x_wconf 89' lang='lat' dir='ltr'><strong>aliis</strong></span> <span class='ocrx_word' id='word_1_106' title='bbox 994 2129 1101 2203; x_wconf 84' lang='lat' dir='ltr'><strong>facile</strong></span> <span class='ocrx_word' id='word_1_107' title='bbox 1118 2131 1168 2204; x_wconf 93' lang='lat' dir='ltr'><strong>de</strong></span> <span class='ocrx_word' id='word_1_108' title='bbox 1186 2131 1319 2230; x_wconf 90' lang='lat' dir='ltr'><strong>quibus</strong></span> <span class='ocrx_word' id='word_1_109' title='bbox 1398 2207 1399 2220; x_wconf 39' lang='lat'><strong>,</strong></span> 
     </span>
    </p>
   </div>
   <div class='ocr_carea' id='block_1_4' title="bbox 192 2249 1320 3289">
    <p class='ocr_par' dir='ltr' id='par_1_4' title="bbox 192 2249 1320 3034">
     <span class='ocr_line' id='line_1_16' title="bbox 311 2249 1317 2340; baseline -0.006 -12"><span class='ocrx_word' id='word_1_110' title='bbox 311 2254 452 2328; x_wconf 84' lang='lat' dir='ltr'><strong>ibidem</strong></span> <span class='ocrx_word' id='word_1_111' title='bbox 472 2253 552 2326; x_wconf 93' lang='lat' dir='ltr'><strong>obs.</strong></span> <span class='ocrx_word' id='word_1_112' title='bbox 569 2255 632 2322; x_wconf 86' lang='lat' dir='ltr'><strong>IX.</strong></span> <span class='ocrx_word' id='word_1_113' title='bbox 655 2251 778 2325; x_wconf 86' lang='lat' dir='ltr'><strong>autin</strong></span> <span class='ocrx_word' id='word_1_114' title='bbox 800 2249 1074 2324; x_wconf 88' lang='lat' dir='ltr'><strong>Additamentis</strong></span> <span class='ocrx_word' id='word_1_115' title='bbox 1095 2250 1179 2322; x_wconf 92' lang='lat' dir='ltr'><strong>obs.</strong></span> <span class='ocrx_word' id='word_1_116' title='bbox 1201 2255 1241 2340; x_wconf 83' lang='lat'><strong>13</strong></span> <span class='ocrx_word' id='word_1_117' title='bbox 1263 2277 1317 2340; x_wconf 87' lang='lat' dir='ltr'><strong>ea,</strong></span> 
     </span>
     <span class='ocr_line' id='line_1_17' title="bbox 309 2365 1318 2470; baseline -0.005 -26"><span class='ocrx_word' id='word_1_118' title='bbox 309 2375 495 2470; x_wconf 88' lang='lat' dir='ltr'><strong>inquam,</strong></span> <span class='ocrx_word' id='word_1_119' title='bbox 519 2370 712 2467; x_wconf 88' lang='lat' dir='ltr'><strong>sanguinis</strong></span> <span class='ocrx_word' id='word_1_120' title='bbox 737 2369 846 2467; x_wconf 87' lang='lat' dir='ltr'><strong>copia</strong></span> <span class='ocrx_word' id='word_1_121' title='bbox 873 2365 982 2455; x_wconf 87' lang='lat' dir='ltr'><strong>facit,</strong></span> <span class='ocrx_word' id='word_1_122' title='bbox 1012 2393 1061 2440; x_wconf 86' lang='lat' dir='ltr'><strong>ne</strong></span> <span class='ocrx_word' id='word_1_123' title='bbox 1090 2369 1173 2440; x_wconf 85' lang='lat' dir='ltr'><strong>sine</strong></span> <span class='ocrx_word' id='word_1_124' title='bbox 1199 2370 1318 2466; x_wconf 80' lang='lat' dir='ltr'><strong>aliqua</strong></span> 
     </span>
     <span class='ocr_line' id='line_1_18' title="bbox 311 2484 1320 2560; baseline -0.004 0"><span class='ocrx_word' id='word_1_125' title='bbox 311 2513 508 2560; x_wconf 84' lang='lat' dir='ltr'><strong>causarum</strong></span> <span class='ocrx_word' id='word_1_126' title='bbox 542 2503 578 2558; x_wconf 91' lang='lat' dir='ltr'><strong>et</strong></span> <span class='ocrx_word' id='word_1_127' title='bbox 608 2511 738 2558; x_wconf 90' lang='lat' dir='ltr'><strong>rerum</strong></span> <span class='ocrx_word' id='word_1_128' title='bbox 760 2485 1084 2558; x_wconf 89' lang='lat' dir='ltr'><strong>circumstantium</strong></span> <span class='ocrx_word' id='word_1_129' title='bbox 1112 2484 1320 2557; x_wconf 91' lang='lat' dir='ltr'><strong>distinetio-</strong></span> 
     </span>
     <span class='ocr_line' id='line_1_19' title="bbox 309 2593 1320 2702; baseline -0.007 -24"><span class='ocrx_word' id='word_1_130' title='bbox 309 2593 377 2690; x_wconf 90' lang='lat' dir='ltr'><strong>ne,</strong></span> <span class='ocrx_word' id='word_1_131' title='bbox 395 2605 565 2677; x_wconf 87' lang='lat' dir='ltr'><strong>assentiri</strong></span> <span class='ocrx_word' id='word_1_132' title='bbox 572 2604 617 2675; x_wconf 89' lang='lat' dir='ltr'><strong>iis</strong></span> <span class='ocrx_word' id='word_1_133' title='bbox 635 2601 774 2702; x_wconf 76' lang='lat' dir='ltr'><strong>pbssim</strong></span> <span class='ocrx_word' id='word_1_134' title='bbox 786 2603 854 2700; x_wconf 93' lang='lat' dir='ltr'><strong>qui</strong></span> <span class='ocrx_word' id='word_1_135' title='bbox 866 2601 1036 2675; x_wconf 87' lang='lat' dir='ltr'><strong>scribunt</strong></span> <span class='ocrx_word' id='word_1_136' title='bbox 1055 2602 1166 2674; x_wconf 89' lang='lat' dir='ltr'><strong>sicin</strong></span> <span class='ocrx_word' id='word_1_137' title='bbox 1182 2604 1320 2675; x_wconf 86' lang='lat' dir='ltr'><strong>univer</strong></span> 
     </span>
     <span class='ocr_line' id='line_1_20' title="bbox 311 2721 1318 2809; baseline -0.008 -12"><span class='ocrx_word' id='word_1_138' title='bbox 311 2748 412 2804; x_wconf 86' lang='lat' dir='ltr'><strong>sum,</strong></span> <span class='ocrx_word' id='word_1_139' title='bbox 425 2729 463 2793; x_wconf 81' lang='lat' dir='ltr'><strong>in</strong></span> <span class='ocrx_word' id='word_1_140' title='bbox 479 2721 690 2794; x_wconf 65' lang='lat' dir='ltr'><strong>horninibus</strong></span> <span class='ocrx_word' id='word_1_141' title='bbox 707 2722 833 2792; x_wconf 83' lang='lat' dir='ltr'><strong>subita</strong></span> <span class='ocrx_word' id='word_1_142' title='bbox 843 2735 962 2792; x_wconf 81' lang='lat' dir='ltr'><strong>morte</strong></span> <span class='ocrx_word' id='word_1_143' title='bbox 978 2726 1189 2809; x_wconf 77' lang='lat' dir='ltr'><strong>exstinctis,</strong></span> <span class='ocrx_word' id='word_1_144' title='bbox 1208 2721 1318 2794; x_wconf 79' lang='lat' dir='ltr'><strong>sotere</strong></span> 
     </span>
     <span class='ocr_line' id='line_1_21' title="bbox 192 2834 1317 2937; baseline -0.003 -22"><span class='ocrx_word' id='word_1_145' title='bbox 192 2834 201 2849; x_wconf 76' lang='grc'><strong>’</strong></span> <span class='ocrx_word' id='word_1_146' title='bbox 309 2865 375 2915; x_wconf 87' lang='lat' dir='ltr'><strong>cor</strong></span> <span class='ocrx_word' id='word_1_147' title='bbox 385 2841 561 2914; x_wconf 64' lang='lat' dir='ltr'><strong>domuum</strong></span> <span class='ocrx_word' id='word_1_148' title='bbox 577 2845 760 2936; x_wconf 84' lang='lat' dir='ltr'><strong>sanguine</strong></span> <span class='ocrx_word' id='word_1_149' title='bbox 770 2839 947 2937; x_wconf 81' lang='lat' dir='ltr'><strong>plenum,</strong></span> <span class='ocrx_word' id='word_1_150' title='bbox 963 2843 1152 2910; x_wconf 66' lang='lat' dir='ltr'><strong>sinistrum</strong></span> <span class='ocrx_word' id='word_1_151' title='bbox 1166 2863 1317 2912; x_wconf 82' lang='lat' dir='ltr'><strong>vacuum</strong></span> 
     </span>
     <span class='ocr_line' id='line_1_22' title="bbox 311 2965 1040 3034; baseline -0.007 0"><span class='ocrx_word' id='word_1_152' title='bbox 311 2985 396 3034; x_wconf 83' lang='lat' dir='ltr'><strong>esse.</strong></span> <span class='ocrx_word' id='word_1_153' title='bbox 1038 2965 1040 2972; x_wconf 60' lang='lat'><strong><em>⁴</em></strong></span> 
     </span>
    </p>

    <p class='ocr_par' dir='ltr' id='par_1_5' title="bbox 311 3072 1316 3289">
     <span class='ocr_line' id='line_1_23' title="bbox 363 3072 1316 3172; baseline -0.002 -24"><span class='ocrx_word' id='word_1_154' title='bbox 363 3083 417 3166; x_wconf 74' lang='lat'><strong>14.</strong></span> <span class='ocrx_word' id='word_1_155' title='bbox 436 3080 587 3169; x_wconf 86' lang='lat' dir='ltr'><strong>Quaeres</strong></span> <span class='ocrx_word' id='word_1_156' title='bbox 615 3072 788 3164; x_wconf 83' lang='lat' dir='ltr'><strong>fortasse,</strong></span> <span class='ocrx_word' id='word_1_157' title='bbox 815 3097 884 3146; x_wconf 89' lang='lat' dir='ltr'><strong>cur</strong></span> <span class='ocrx_word' id='word_1_158' title='bbox 902 3075 942 3144; x_wconf 93' lang='lat' dir='ltr'><strong>in</strong></span> <span class='ocrx_word' id='word_1_159' title='bbox 964 3075 1163 3172; x_wconf 89' lang='lat' dir='ltr'><strong>proposito</strong></span> <span class='ocrx_word' id='word_1_160' title='bbox 1180 3076 1316 3170; x_wconf 85' lang='lat' dir='ltr'><strong>juvene</strong></span> 
     </span>
     <span class='ocr_line' id='line_1_24' title="bbox 311 3192 1316 3289; baseline -0.005 -21"><span class='ocrx_word' id='word_1_161' title='bbox 311 3220 397 3268; x_wconf 92' lang='lat' dir='ltr'><strong>cum</strong></span> <span class='ocrx_word' id='word_1_162' title='bbox 415 3209 539 3266; x_wconf 89' lang='lat' dir='ltr'><strong>essent</strong></span> <span class='ocrx_word' id='word_1_163' title='bbox 564 3192 691 3265; x_wconf 90' lang='lat' dir='ltr'><strong>cordis</strong></span> <span class='ocrx_word' id='word_1_164' title='bbox 716 3205 879 3289; x_wconf 89' lang='lat' dir='ltr'><strong>quatuor</strong></span> <span class='ocrx_word' id='word_1_165' title='bbox 896 3214 1014 3264; x_wconf 84' lang='lat' dir='ltr'><strong>caveae</strong></span> <span class='ocrx_word' id='word_1_166' title='bbox 1031 3215 1166 3265; x_wconf 89' lang='lat' dir='ltr'><strong>omnes</strong></span> <span class='ocrx_word' id='word_1_167' title='bbox 1194 3192 1316 3265; x_wconf 88' lang='lat' dir='ltr'><strong>dilata·</strong></span> 
     </span>
    </p>
   </div>
   <div class='ocr_carea' id='block_1_5' title="bbox 309 3299 1397 3398">
    <p class='ocr_par' dir='ltr' id='par_1_6' title="bbox 309 3299 1397 3398">
     <span class='ocr_line' id='line_1_25' title="bbox 309 3299 1397 3398; baseline -0.006 -14"><span class='ocrx_word' id='word_1_168' title='bbox 309 3327 377 3398; x_wconf 82' lang='lat' dir='ltr'><strong>tae,</strong></span> <span class='ocrx_word' id='word_1_169' title='bbox 397 3312 558 3384; x_wconf 80' lang='lat' dir='ltr'><strong>maxima</strong></span> <span class='ocrx_word' id='word_1_170' title='bbox 582 3325 709 3382; x_wconf 89' lang='lat' dir='ltr'><strong>tamen</strong></span> <span class='ocrx_word' id='word_1_171' title='bbox 734 3309 1021 3382; x_wconf 76' lang='lat' dir='ltr'><strong>dilatatio&#39;esset</strong></span> <span class='ocrx_word' id='word_1_172' title='bbox 1048 3311 1257 3382; x_wconf 88' lang='lat' dir='ltr'><strong>ventriculi</strong></span> <span class='ocrx_word' id='word_1_173' title='bbox 1276 3311 1318 3382; x_wconf 93' lang='lat' dir='ltr'><strong>si·</strong></span> <span class='ocrx_word' id='word_1_174' title='bbox 1396 3299 1397 3390; x_wconf 45' lang='grc' dir='ltr'>ζ</span> 
     </span>
    </p>
   </div>
   <div class='ocr_carea' id='block_1_6' title="bbox 308 3425 1317 3758">
    <p class='ocr_par' dir='ltr' id='par_1_7' title="bbox 308 3425 1317 3758">
     <span class='ocr_line' id='line_1_26' title="bbox 311 3425 1317 3525; baseline -0.003 -25"><span class='ocrx_word' id='word_1_175' title='bbox 311 3429 443 3500; x_wconf 82' lang='lat' dir='ltr'><strong>nistri?</strong></span> <span class='ocrx_word' id='word_1_176' title='bbox 464 3429 612 3500; x_wconf 84' lang='lat' dir='ltr'><strong>Scilicet</strong></span> <span class='ocrx_word' id='word_1_177' title='bbox 632 3428 721 3525; x_wconf 92' lang='lat' dir='ltr'><strong>quia</strong></span> <span class='ocrx_word' id='word_1_178' title='bbox 738 3425 854 3523; x_wconf 81' lang='lat' dir='ltr'><strong>hujus</strong></span> <span class='ocrx_word' id='word_1_179' title='bbox 875 3425 1043 3500; x_wconf 84' lang='lat' dir='ltr'><strong>dilatatio</strong></span> <span class='ocrx_word' id='word_1_180' title='bbox 1064 3449 1178 3499; x_wconf 86' lang='lat' dir='ltr'><strong>causa</strong></span> <span class='ocrx_word' id='word_1_181' title='bbox 1203 3426 1317 3500; x_wconf 84' lang='lat' dir='ltr'><strong>fuerat</strong></span> 
     </span>
     <span class='ocr_line' id='line_1_27' title="bbox 309 3543 1317 3641; baseline -0.002 -23"><span class='ocrx_word' id='word_1_182' title='bbox 309 3545 538 3618; x_wconf 81' lang='lat' dir='ltr'><strong>dilatationis</strong></span> <span class='ocrx_word' id='word_1_183' title='bbox 562 3544 677 3616; x_wconf 92' lang='lat' dir='ltr'><strong>trium</strong></span> <span class='ocrx_word' id='word_1_184' title='bbox 694 3543 948 3641; x_wconf 88' lang='lat' dir='ltr'><strong>reliquarum,</strong></span> <span class='ocrx_word' id='word_1_185' title='bbox 968 3544 1195 3640; x_wconf 88' lang='lat' dir='ltr'><strong>sanguinem</strong></span> <span class='ocrx_word' id='word_1_186' title='bbox 1220 3546 1317 3618; x_wconf 85' lang='lat' dir='ltr'><strong>vide·</strong></span> 
     </span>
     <span class='ocr_line' id='line_1_28' title="bbox 308 3659 1316 3758; baseline 0 -23"><span class='ocrx_word' id='word_1_187' title='bbox 308 3662 397 3735; x_wconf 90' lang='lat' dir='ltr'><strong>licet</strong></span> <span class='ocrx_word' id='word_1_188' title='bbox 416 3659 466 3733; x_wconf 91' lang='lat' dir='ltr'><strong>ob</strong></span> <span class='ocrx_word' id='word_1_189' title='bbox 488 3685 570 3732; x_wconf 88' lang='lat' dir='ltr'><strong>eam</strong></span> <span class='ocrx_word' id='word_1_190' title='bbox 590 3683 741 3732; x_wconf 88' lang='lat' dir='ltr'><strong>causam</strong></span> <span class='ocrx_word' id='word_1_191' title='bbox 769 3685 852 3758; x_wconf 85' lang='lat' dir='ltr'><strong>quae</strong></span> <span class='ocrx_word' id='word_1_192' title='bbox 876 3660 988 3758; x_wconf 93' lang='lat' dir='ltr'><strong>paulo</strong></span> <span class='ocrx_word' id='word_1_193' title='bbox 1015 3675 1102 3732; x_wconf 92' lang='lat' dir='ltr'><strong>ante</strong></span> <span class='ocrx_word' id='word_1_194' title='bbox 1124 3661 1230 3742; x_wconf 83' lang='lat' dir='ltr'><strong>dicta</strong></span> <span class='ocrx_word' id='word_1_195' title='bbox 1248 3677 1316 3748; x_wconf 90' lang='lat' dir='ltr'><strong>est,</strong></span> 
     </span>
    </p>
   </div>
   <div class='ocr_carea' id='block_1_7' title="bbox 965 3877 1309 3898">
    <p class='ocr_par' dir='ltr' id='par_1_8' title="bbox 965 3877 1309 3898">
     <span class='ocr_line' id='line_1_29' title="bbox 965 3877 1309 3898; baseline 0.012 -6"><span class='ocrx_word' id='word_1_196' title='bbox 965 3877 1309 3898; x_wconf 46' lang='grc' dir='ltr'><strong>Μ*</strong></span> 
     </span>
    </p>
   </div>
   <div class='ocr_carea' id='block_1_8' title="bbox 346 4029 512 4108">
    <p class='ocr_par' dir='ltr' id='par_1_9' title="bbox 346 4029 512 4108">
     <span class='ocr_line' id='line_1_30' title="bbox 346 4029 512 4108; baseline -0.036 1"><span class='ocrx_word' id='word_1_197' title='bbox 346 4029 392 4108; x_wconf 79' lang='lat'><strong>(¹)</strong></span> <span class='ocrx_word' id='word_1_198' title='bbox 412 4032 450 4088; x_wconf 78' lang='lat' dir='ltr'><strong>N·</strong></span> <span class='ocrx_word' id='word_1_199' title='bbox 465 4047 512 4103; x_wconf 79' lang='lat'><strong>²7·</strong></span> 
     </span>
    </p>
   </div>
   <div class='ocr_carea' id='block_1_9' title="bbox 0 0 1414 4668">
    <p class='ocr_par' dir='ltr' id='par_1_10' title="bbox 0 0 1414 4668">
     <span class='ocr_line' id='line_1_31' title="bbox 0 0 1414 4668; baseline 0 1"><span class='ocrx_word' id='word_1_200' title='bbox 0 0 1414 4668; x_wconf 95' lang='lat' dir='ltr'><strong> </strong></span> 
     </span>
    </p>
   </div>
  </div>
 </body>
</html>
