2824 4668
293 439 363 530 348
459 461 506 512 oe
532 443 678 512 seorsus
702 459 746 510 ur
772 457 896 508 causis
922 457 1132 508 monuerunt

293 577 471 650 cretionis
487 601 533 650 cx
549 575 725 652 Mantissa
740 574 950 646 anatomica
964 574 1019 672 (1)
1033 571 1173 644 Rhodii
1199 569 1301 642 indi·

293 708 369 782 cet,
394 695 461 792 qui
488 715 615 766 cavam
639 697 840 764 arctissime
857 690 1039 764 coaluisse
1064 690 1175 778 dicit,
1193 704 1300 759 utne

290 812 484 911 specillum
495 809 643 909 quidem
653 809 881 898 aduritteret,
889 809 997 881 houd
1007 807 1118 881 dubie
1130 808 1183 880 ab
1195 805 1298 880 exul

291 936 479 1002 ceratione
487 983 498 1018 ,
514 944 551 1002 et
566 929 829 1002 solertissimus
842 929 921 1026 ipse
932 927 1102 999 Hallerus
1111 940 1297 999 concretu

292 1069 394 1120 σανα
410 1072 519 1119 verce
540 1047 581 1118 in
600 1071 666 1118 sua
684 1044 822 1118 femina
837 1051 1022 1118 rationem
1040 1069 1080 1118 se
1096 1067 1175 1116 nou
1194 1043 1296 1115 intel·

293 1161 405 1259 ligere
424 1161 601 1252 fateatur,
620 1187 703 1235 cum
724 1167 762 1233 in
783 1187 826 1236 eo
849 1161 1031 1236 cadavere
1045 1160 1152 1234 nulla
1163 1183 1294 1250 causa,

289 1305 426 1352 venum
447 1296 593 1352 tantam
606 1285 860 1379 {comprimere
889 1295 983 1379 apta
1002 1294 1153 1378 reperta
1173 1281 1240 1368 sit,
1259 1294 1296 1352 et

289 1396 406 1468 claris.
419 1399 458 1468 in
469 1396 616 1470 theatro
626 1399 839 1470 anatomico
848 1398 1085 1496 Gottingensi
1094 1412 1293 1496 prosector

288 1512 503 1588 Winlderus
518 1514 572 1612 (n)
585 1515 633 1587 de
649 1515 780 1588 eadem
797 1515 859 1586 illa
876 1512 1036 1604 femina,
1056 1530 1099 1588 nt
1117 1515 1292 1604 videtur,

288 1629 670 1730 loquens‚(quamvis
687 1659 811 1731 neque
834 1647 937 1722 aetas,
955 1657 1080 1730 neque
1105 1631 1292 1704 indicatus

288 1744 559 1822 observationis
586 1775 709 1822 annus
733 1774 963 1849 magnopere
986 1747 1226 1844 consentiat)
1252 1751 1290 1819 in

287 1889 362 1962 qua
381 1870 601 1965 spermatica¹
614 1893 709 1942 vena
733 1892 828 1940 cavae
856 1867 1140 1940 crassitudinem
1169 1891 1290 1966 aeqtta·
1406 1955 1407 1960 ἵ

285 1979 372 2071 bat,
386 1983 483 2056 hano
497 2001 614 2060 totam
630 2013 657 2057 a
670 1986 812 2058 coalitu
824 1984 1056 2058 obstructam
1074 1984 1213 2060 vidisse
1231 2009 1289 2075 se,
1406 1997 1407 2002 ’

284 2100 379 2189 aiat3
399 2104 587 2198 conjicere
605 2104 772 2202 proclive
797 2119 852 2178 est
870 2103 1069 2192 coalitum,
1082 2103 1164 2199 ejus
1181 2101 1289 2176 facile

285 2207 462 2306 similem,
477 2245 590 2318 quem
611 2245 632 2292 a
649 2246 709 2293 me
732 2223 854 2296 visum
871 2221 941 2293 alia
954 2219 1024 2292 tibi
1038 2220 1196 2318 epistola
1211 2221 1226 2308 (
1240 2219 1287 2316 3)

283 2331 514 2424 describam,
549 2339 672 2435 ipsum
709 2337 863 2441 quidem
900 2351 985 2410 ante
1016 2352 1178 2410 mortem
1208 2339 1286 2434 jam
1405 2415 1406 2430 ,

282 2446 416 2537 luisse,
436 2457 719 2529 concretionem
746 2480 837 2530 vero
861 2458 1082 2554 polyposam
1106 2455 1179 2528 sub
1202 2457 1286 2554 ipso
1405 2451 1406 2460 '

282 2569 438 2644 coalitus
459 2572 544 2644 loco
572 2575 670 2646 intra
689 2597 825 2646 venam
850 2573 912 2644 ibi·
929 2587 1177 2662 contractam,
1202 2576 1284 2646 vitae

281 2701 448 2761 extremo
472 2705 663 2790 tempore,
682 2705 724 2763 ut
744 2706 801 2764 tot
822 2690 934 2778 alias,
951 2690 1175 2790 productam
1190 2717 1296 2765 esse..

279 2803 369 2894 Quae
382 2807 528 2879 comita
541 2810 630 2897 sint,
643 2833 713 2880 nec
726 2807 934 2906 quidquam
947 2805 1108 2907 proferri
1122 2808 1282 2898 videam,

278 2921 381 2994 uude
404 2925 508 3022 quod
526 2907 711 3013 deducas,
735 2939 839 2998 extra
861 2909 941 2998 non
959 2925 1117 3022 injustas
1137 2924 1283 3000 dubita-

276 3039 399 3114 tiones
414 3045 579 3140 positum
593 3044 657 3132 sit;
669 3045 730 3114 vix
742 3067 948 3142 perpaucas
960 3043 1007 3116 dc
1026 3057 1132 3114 tanto
1144 3067 1285 3118 nume.
1404 3111 1405 3126 t

179 3231 181 3235 ,
276 3181 320 3227 ro
330 3183 440 3256 posse
453 3163 574 3260 excipi
584 3163 846 3236 concretiones
859 3161 1100 3248 crediderim,
1116 3185 1283 3259 quarum

275 3274 315 3343 in
324 3278 536 3350 viventibus
546 3278 958 3365 aliasinchoatas‚alias
968 3275 1153 3376 perlectas
1166 3277 1281 3353 fuisse

209 3455 213 3458 .
275 3415 355 3462 non
370 3393 591 3467 inficiemur.
605 3397 803 3472 Inchoatus
820 3399 861 3468 in
876 3396 1133 3486 moribundis,
1153 3413 1218 3469 aut
1241 3401 1278 3468 in

274 3506 491 3609 longissima
507 3537 690 3613 syncope,
709 3529 746 3588 et
764 3513 814 3588 ob
830 3511 1091 3614 frigescentem
1103 3515 1181 3611 jam
1197 3539 1282 3588 san·

311 3813 354 3893 (1)
376 3816 448 3874 Obs.
466 3835 514 3874 21.

310 3915 354 3993 (a)
375 3917 499 3974 Dissert.
513 3917 550 3976 de
561 3935 658 3976 rator.
671 3915 797 3994 litbiasi,
811 3935 833 3976 s.
850 3935 881 3993 1,
895 3919 911 3988 ς
926 3914 944 3972 6
952 3955 961 3988 ,
979 3914 1082 3972 adnot.
1096 3931 1126 3972 a.

312 4013 356 4092 (3)
377 4015 430 4088 56,
447 4037 478 4074 n.
496 4035 541 4076 to.
