2824 4668
165 543 232 592 nm.
260 543 301 590 11.
329 541 375 590 os
401 536 536 588 nonus
562 535 760 599 moriers,
787 537 899 584 nrrsr.
921 539 1017 582 xxm
1048 512 1121 584 325

113 657 169 730 las
180 655 401 754 diligenter,
416 675 623 748 earumque
632 665 857 722 structuram
870 653 1119 742 examinando

116 771 466 871 comparandoque,
483 769 653 841 invenire
671 769 795 864 potuit
810 769 867 840 vir
887 769 931 840 cl.
953 769 1121 842 Andreas

116 897 224 964 Pasta
235 889 250 986 (
262 887 300 986 1)
315 890 329 960 Ρ
346 888 453 961 Illam
468 901 594 960 autem
609 885 802 957 materiam
820 882 931 958 firisse
949 885 1120 959 veterum

116 1009 311 1108 pituitam,
327 1007 426 1078 inter
439 1019 591 1078 caeteros
600 1001 774 1100 praeclare
787 1003 951 1075 ostendit
965 1006 1145 1077 eximius,

116 1123 310 1214 medicus,
336 1145 542 1218 eorumque
564 1120 743 1192 doctrinae
771 1122 1035 1218 peritissimus,
1062 1126 1122 1220 Sa-

116 1244 191 1314 lius
215 1241 280 1338 (a).
314 1239 511 1328 Videmus,
532 1239 674 1336 inquit,
693 1263 769 1309 non
783 1237 903 1310 solum
924 1254 1122 1338 utramque

119 1359 230 1432 bilem
248 1363 521 1456 cumsanguine
539 1381 559 1426 e
576 1381 677 1428 vena
700 1359 854 1454 ejectam
873 1381 1126 1445 concrescere,
1139 1353 1153 1429 J

117 1475 187 1548 sed
195 1481 308 1548 etiam
312 1478 494 1571 pituitam
506 1479 644 1570 ipsam,
666 1497 751 1570 quae
767 1472 864 1544 adeo
877 1479 915 1544 in
930 1481 1123 1570 sanguinis
1141 1535 1145 1542 ,

117 1595 313 1690 superficie
330 1615 600 1686 nonnunquam
619 1597 833 1676 concrescit,
854 1605 896 1660 ut
909 1597 979 1662 vix
990 1591 1120 1686 gladio

119 1710 236 1782 incidi
246 1723 376 1807 queat,
399 1713 543 1804 nisique
565 1707 647 1778 iroec
667 1719 704 1775 et
719 1705 852 1776 limosa
867 1732 961 1804 pars
977 1713 1123 1803 sangui-

119 1833 177 1900 nis
191 1833 227 1898 ei
237 1827 509 1911 admisceatur,
525 1822 611 1893 licet
620 1838 833 1894 concrescat
845 1828 1017 1920 sanguis,
1034 1848 1123 1920 quo·

121 1944 396 2039 modocumque
415 1967 434 2011 e
450 1966 550 2014 vena
570 1944 725 2038 ejectus,
742 1955 953 2012 nontamen
974 1946 1028 2012 ita
1049 1946 1124 2015 cito

120 2065 412 2148 concrescit,nec
422 2064 476 2128 ita
489 2057 582 2130 dure
592 2057 775 2146 coalescit,
786 2064 896 2132 sicuti
909 2063 944 2128 ei
959 2063 1123 2158 contigit,

121 2178 278 2278 quando
299 2182 447 2275 copiose
466 2183 502 2247 ei
516 2175 667 2248 admisti
687 2191 775 2248 sunt
795 2191 832 2246 et
856 2177 1029 2248 humores
1046 2182 1134 2248 me-'

121 2295 324 2366 lancholici
341 2309 377 2365 et
385 2298 565 2392 pituitosi.
584 2296 673 2386 Quae
693 2292 762 2364 tibi
780 2293 883 2365 volui
898 2295 1029 2364 omnia'
1041 2319 1125 2364 ver-

120 2411 171 2484 ha
181 2411 412 2499 describere,
428 2426 471 2482 ut
487 2435 574 2502 cum
592 2412 636 2483 iis
655 2408 826 2484 conferre
838 2412 1126 2510 possislquaevir.

120 2531 465 2629 experientissimus
479 2530 695 2627 scripsitio.
708 2529 922 2602 Ludovicus
932 2531 1074 2616 Petitus
1085 2531 1124 2601 in

121 2647 395 2719 commentario
414 2646 532 2717 altero
554 2646 623 2744 (3)
643 2646 689 2718 de
707 2646 822 2718 modo
834 2645 1125 2745 haemorrhagias

122 2764 299 2856 sistendi,
315 2763 382 2856 ubi
403 2747 594 2862 sanguinis
613 2779 757 2862 partem
774 2763 929 2835 rubram
947 2789 992 2835 eo
1009 2765 1127 2836 laxius

123 2905 368 2953 concrescere
394 2881 681 2971 animadvertit,
717 2883 921 2979 quominus
956 2881 1002 2952 de
1044 2881 1128 2952 alba

124 2998 327 3072 admistum
343 2998 480 3087 hahet,
497 3014 534 3069 et
552 3013 683 3070 contra
697 3026 707 3087 ;
722 3015 768 3094 'ut
789 3014 913 3070 crusta
927 3013 1129 3096 propterea

126 3115 325 3188 durissima
344 3117 407 3204 sit,
423 3115 528 3214 quod
548 3141 592 3187 ex
609 3115 693 3188 albu
704 3130 850 3186 tantum
865 3130 972 3212 parte
992 3115 1137 3190 coelest

127 3249 196 3304 cat.
215 3233 288 3304 Sed
304 3233 400 3304 illud
414 3247 592 3332 praeterea
606 3233 666 3304 vel
681 3234 723 3304 in
742 3231 1050 3304 cadaveribus-ab
1068 3256 1133 3304 eo·
1188 3242 1191 3246 ’

130 3349 217 3422 dem
243 3349 546 3422 animadversum
572 3349 734 3440 videbis,
759 3351 978 3454 sanguinem
1003 3351 1069 3448 qui
1095 3351 1133 3422 in

129 3465 244 3538 corde
268 3481 310 3566 et,
325 3467 421 3538 vasis
438 3467 616 3540 omnibus
635 3483 717 3540 tum
741 3470 907 3557 venosiS‚
931 3485 1014 3539 tum
1039 3483 1134 3542 arte·

129 3585 239 3656 riosis
256 3585 308 3654 ita
325 3587 516 3657 concrevit
537 3600 579 3657 ut
599 3610 686 3684 pars
710 3585 794 3659 alba
813 3588 859 3660 sit
880 3611 900 3656 a
924 3585 1042 3657 rubra
1062 3587 1137 3657 dis-

74 3959 83 3978 ·
171 3882 216 3961 (ι)
237 3883 331 3958 Epist.
349 3883 386 3938 de
403 3882 486 3937 cord.
503 3883 631 3976 polypo,
648 3903 679 3942 n.
693 3905 727 3958 17
740 3897 841 3961 etseq.

170 3981 215 4059 (a)
237 3983 281 4038 De
296 3981 395 4038 affert.
408 3991 486 4056 part.
500 3999 526 4036 c.
541 3989 569 4048 4.
689 4036 693 4047 ,

172 4083 217 4159 (3)
239 4081 661 4157 stem.de1’scad.noy.des
679 4084 793 4141 Scienc.
816 4102 865 4141 an.
884 4083 970 4154 1732.
