2824 4668
121 445 198 502 ,mn
225 443 266 492 11.
293 443 340 491 nn
365 441 501 492 nomm
528 438 981 509 rnonncrs,s121sr.xxrv.
1010 425 1080 500 333

79 562 217 646 lutam3
240 557 358 646 illam,
383 558 413 629 si
437 555 535 628 bene
559 571 596 628 te
621 558 728 645 novi,
749 581 770 628 a
795 559 935 658 polypo
960 577 1082 636 ortam

80 702 159 750 non
171 675 314 748 credes.
329 679 470 748 Verum
485 675 553 746 etsi
567 672 645 744 haec
656 687 747 745 tunc
761 679 911 773 cognita
923 668 1083 777 exparte

69 819 125 866 -ac
138 807 335 894 perspecta
349 789 551 878 habebam3
569 789 746 888 putabam
757 805 884 864 tamen
893 820 934 866 ea
948 819 1083 893 paucas

81 935 162 984 esse
176 911 434 1007 exceptiones,
448 905 575 1006 quales
587 908 627 978 in
639 906 825 979 medicina
844 935 1007 1010 persaepe
1021 939 1085 986 oc·

82 1041 261 1115 cumunt,
275 1051 346 1098 nec
365 1027 451 1098 satis
472 1024 603 1122 dignas
620 1037 712 1122 quas
727 1023 897 1136 diagnosi
913 1050 1084 1128 oppone·

85 1170 167 1218 rem
186 1145 313 1222 aviris
331 1142 659 1242 experientissimis
680 1144 912 1234 constitutae,
931 1171 1085 1244 praeser-

83 1257 253 1335 timeum
268 1285 329 1333 me
343 1285 421 1331 non
441 1257 600 1357 lugeret,
618 1259 812 1357 signorum
827 1263 902 1332 vim
913 1287 992 1334 non
1004 1291 1083 1338 uno

81 1395 148 1452 aut
171 1379 289 1452 altero
315 1393 483 1451 seorsum
505 1391 677 1476 accepto,
703 1378 768 1451 sed
796 1377 970 1476 plinib'us
994 1407 1084 1454 con-

77 1499 225 1596 junctis
251 1519 330 1568 esse
359 1495 609 1594 spectandam.
633 1495 705 1565 Sed
726 1521 813 1568 ecce
839 1493 907 1568 tibi
928 1501 1085 1598 epistola

72 1615 293 1688 -doctissimi
306 1618 439 1700 Pastae,
456 1615 496 1681 in
512 1636 586 1709 qua
605 1611 662 1708 (1)
675 1626 731 1682 tot
744 1612 905 1684 collectae
919 1632 1005 1689 sunt
1021 1642 1086 1715 po-

83 1736 264 1832 lyporum
284 1730 565 1802 observationes
575 1783 585 1817 ,
597 1729 710 1800 etiam
720 1751 880 1800 numero
894 1784 903 1818 ,
917 1746 979 1802 aut
989 1734 1087 1806 mole

85 1849 193 1923 valde
214 1846 496 1948 spectabilium,
519 1859 606 1943 post
629 1845 733 1916 nulla
758 1845 889 1942 polypi
916 1848 1091 1922 indiciaa

92 1966 304 2039 clarissimis
333 1961 550 2034 auctoribus
574 1961 918 2060 deprehensorum,
942 1981 984 2036 ut
1003 1989 1091 2064 pro-

90 2085 213 2183 posita
237 2083 390 2153 illorum
410 2079 597 2176 diagnosis
619 2080 696 2175 jam
718 2082 850 2178 saepius
872 2083 1015 2154 inutilis
1037 2083 1090 2153 vi·

88 2203 243 2286 deatur,
255 2214 318 2270 aut
332 2199 363 2270 si
372 2199 516 2268 ratione
530 2197 626 2270 duce
638 2199 842 2298 excogitata
855 2215 926 2289 est,
941 2199 1090 2274 dubita-

87 2345 130 2392 re
149 2331 283 2415 cogat,
298 2341 378 2388 non
395 2313 509 2387 fuisse
525 2316 638 2412 igitur
649 2331 734 2388 ante
745 2331 905 2388 mortem
921 2319 1093 2417 polypos,

87 2459 258 2534 qnorum
285 2434 324 2504 in
351 2432 563 2504 viventibus
590 2431 738 2503 nullum
764 2457 919 2532 prorsus
943 2437 1092 2534 signnm

84 2549 250 2630 extabat·
262 2552 363 2641 Quas
377 2549 472 2620 dum
484 2549 612 2647 relego
626 2549 907 2622 observationes
917 2606 927 2640 ,
938 2545 1091 2624 invenio

89 2670 198 2759 duas,
214 2669 370 2740 alteram
386 2667 584 2756 Wincleri,
601 2667 786 2740 Borrichii
804 2669 982 2758 alteram,
1000 2695 1093 2768 quas

88 2787 298 2860 discrimini
315 2786 369 2856 illi
384 2781 561 2881 objiciam
579 2783 800 2884 Riverii(2),
811 2787 858 2858 ab
869 2787 1016 2883 alligata
1030 2805 1095 2860 aut

91 2902 435 2978 soluta·caruncula
463 2917 627 3000 sumpto.
651 2906 767 2974 Erant
785 2905 885 2983 enim
906 2905 1036 3002 polypi
1055 2906 1095 2976 in

91 3037 253 3120 utraque
284 3021 348 3092 illa
380 3019 642 3092 observatione
672 3017 779 3090 nulla
803 3034 920 3118 porte
944 3019 1094 3108 adnati,

92 3163 278 3236 nusquam
302 3143 464 3224 annexi,
494 3137 563 3208 sed
585 3137 695 3208 liberi
710 3151 822 3234 atque
845 3137 977 3226 soluti3
1000 3137 1094 3209 nihil

93 3273 221 3330 tamen
232 3257 279 3328 de
291 3258 472 3354 pulsuum
482 3256 758 3327 intermissione
776 3255 1096 3353 autinaequalitate

93 3375 307 3471 adnotatur.
326 3378 437 3446 Juvat
448 3374 524 3445 huc
538 3371 678 3444 addere
692 3371 889 3444 observata
901 3397 921 3444 a
935 3375 980 3445 cl.
996 3380 1097 3448 Joer·

93 3491 226 3564 (lensio
249 3489 323 3590 (3),
349 3490 417 3586 qui
441 3492 602 3589 ingenue
622 3487 739 3563 fassus
762 3495 888 3562 omnia
910 3491 977 3562 illa
992 3499 1098 3590 sigim

152 3811 164 3848 1
199 3792 238 3847 N.
276 3832 282 3844 .

136 3790 180 3966 l²l
201 3797 271 3946 Vidl
286 3907 374 3963 supra
383 3931 391 3959 ,
406 3908 437 3944 n.
450 3903 486 3958 ²7
503 3887 581 3944 circa
592 3887 641 3944 fin.

135 3988 181 4066 (3)
201 3992 268 4044 Act.
286 3991 323 4044 N.
338 3991 371 4045 C.
386 4000 456 4046 tom.
473 3996 506 4061 4,
521 3975 648 4064 append.
664 4009 693 4046 n.
710 3989 741 4060 5,
758 3995 773 4061 ς
789 3989 845 4046 Set
859 3989 887 4043 6.
