2820 4668
314 416 384 508 492
482 431 529 478 nn
556 429 703 478 sumnus
727 429 771 476 rr
796 427 922 476 causis
947 427 1164 477 noaaoanrr-

315 561 470 632 essent,
497 570 669 643 numque
699 543 983 616 observationes
1009 544 1172 642 legerim
1203 559 1335 641 praeter

257 673 259 679 “
315 665 418 736 illam
445 687 559 762 quam
587 663 702 762 paulo
728 677 814 734 ante
845 661 1017 750 laudavi,
1044 663 1084 732 in
1111 661 1262 760 quibus
1282 687 1334 735 res

317 798 446 855 extent
459 782 585 879 aliqua
604 780 733 854 saltem
746 805 790 852 ex
803 795 909 877 parte
925 803 1055 850 earum
1071 779 1245 868 similes,
1262 805 1334 877 qua

318 915 406 972 suut
424 900 463 968 in
475 895 987 994 Trombelliodeprehensae3
1007 895 1193 984 libenter,
1214 896 1333 993 quoad

318 1031 481 1117 potero,
506 1012 738 1087 satisfactam.
775 1018 819 1085 Et
844 1015 1035 1112 primum,
1067 1011 1183 1084 illum
1216 1015 1333 1112 accepi

318 1135 436 1208 animi
455 1131 653 1204 affectibus
669 1131 759 1202 olim
773 1155 945 1229 pressum
960 1128 1081 1203 multo
1097 1133 1331 1229 gravissimis,
1393 1121 1394 1152 ¹

320 1279 399 1324 non
422 1254 472 1322 ita
498 1250 644 1348 pridem
665 1250 737 1322 levi
765 1250 891 1348 aliqua
915 1250 1040 1322 cordis
1081 1251 1331 1348 palpitatione
1392 1165 1394 1310 l

320 1370 544 1467 levibusque
558 1369 735 1466 deliquiis
749 1371 884 1440 tentari
901 1370 1076 1468 coepisse,
1093 1384 1173 1439 uta
1191 1369 1330 1440 medicis

321 1487 540 1561 crederetur
564 1485 937 1585 hypochondriacus.
961 1486 1074 1578 Quod
1101 1511 1204 1558 vero
1224 1487 1271 1558 ad
1285 1502 1328 1558 tu·
1394 1473 1395 1484 ἵ

319 1604 518 1678 berculum
552 1606 676 1703 ipsum
711 1620 823 1676 aortae
854 1606 1014 1692 attinet,
1046 1629 1136 1675 cum
1174 1630 1225 1676 ex
1260 1605 1325 1675 actis
1395 1648 1396 1690 q

323 1723 560 1796 cruditorum
581 1721 837 1822 Lipsiensibus
858 1722 872 1820 (
891 1749 902 1792 t
919 1721 933 1817 ')
953 1705 1267 1796 dissertationem
1286 1748 1325 1792 u·

320 1857 401 1914 tare
437 1841 643 1938 intelligam
678 1841 722 1911 cl.
753 1841 943 1912 Stentzelii
969 1839 1016 1910 de
1044 1842 1329 1913 Steatomate'bus

323 1966 362 2030 in
376 1963 567 2058 principio
587 1964 741 2030 arterioe
758 1975 882 2030 aortoe
902 1965 1081 2058 repertis,
1107 1984 1200 2056 quae
1219 1961 1259 2030 in
1277 1959 1330 2030 bas

321 2077 497 2174 regiones
524 2075 710 2164 necdum,
733 2077 838 2174 quod
863 2077 1002 2164 sciam,
1027 2078 1240 2175 importata
1265 2091 1332 2164 est;

323 2219 429 2283 eam,
449 2195 479 2266 si
498 2194 537 2264 in
558 2195 632 2266 tuis
650 2193 727 2266 istis
742 2192 927 2278 habetur,
953 2191 1007 2266 fac
1023 2195 1235 2292 inspicias;
1258 2217 1333 2264 nam

324 2314 355 2384 si
375 2312 614 2410 inscriptioni
636 2311 870 2410 respondet,
892 2339 1024 2384 eorum
1045 2335 1133 2410 quae
1161 2313 1334 2410 requiris,

322 2453 403 2498 non
435 2453 591 2525 prorsus
611 2429 804 2502 dissimilia
824 2427 930 2503 lacile
958 2430 1129 2502 invenies
1156 2431 1171 2526 (
1183 2459 1206 2502 n
1219 2434 1243 2527 ).
1267 2433 1332 2525 Ego

324 2546 356 2618 si
372 2544 464 2640 quid
480 2543 604 2618 habeo
617 2547 722 2644 quod
741 2548 788 2620 ad
798 2550 947 2620 interna
961 2561 1104 2647 spectet
1118 2550 1335 2620 arteriarum

239 2737 242 2744 ,
324 2661 545 2749 tubercula,
574 2664 613 2734 in
640 2666 810 2762 proxima
835 2665 993 2764 epistola
1014 2663 1333 2737 commemorabo.
1397 2661 1398 2672 ’

325 2785 381 2854 De
402 2783 584 2880 sanguine
608 2771 734 2856 autem
757 2783 857 2856 inter
877 2783 1089 2856 mediastini
1113 2784 1277 2856 laminas
1293 2779 1334 2853 el·

325 2898 412 2972 luso
424 2954 433 2988 ,
447 2925 567 2972 unum
588 2901 836 2998 inpraesentia
850 2903 1006 2974 memini
1021 2901 1170 2998 aliquid
1179 2903 1333 2999 attigisse

325 3009 518 3090 Riverium
546 3017 809 3094 observatione
837 3023 920 3109 LX,
941 3034 1037 3094 cent.
1062 3023 1089 3088 Ι.
1113 3021 1216 3093 Nam
1243 3014 1334 3116 quod

325 3134 554 3240 Blancardus
576 3161 730 3234 quoque
755 3136 826 3234 (3)
853 3137 986 3210 similia
1014 3135 1176 3224 scribit3
1206 3158 1334 3234 nempe

327 3251 421 3325 adeo
442 3254 574 3326 similia
590 3271 699 3340 sunt,
717 3270 759 3326 ut
772 3257 847 3327 sint
860 3255 989 3328 eadem
1003 3309 1012 3342 ‚
1027 3257 1169 3326 Riverii
1186 3256 1333 3326 nomine

329 3367 586 3460 dissimulato,
605 3370 807 3470 verbisque
827 3374 988 3445 mutatis.
1006 3377 1097 3443 Eam
1114 3370 1334 3462 observatio

328 3511 431 3576 nem,
442 3488 585 3586 siapud
593 3505 789 3562 auctorem
802 3505 918 3564 totam
928 3491 1074 3590 legeris,
1084 3491 1233 3590 (neque
1244 3489 1333 3560 euim

330 3661 1335 3692 uam-..mm

368 3789 412 3865 (1)
432 3793 490 3846 An.
505 3791 595 3862 ¹731,
608 3793 650 3848 Μ.
663 3789 734 3864 maj.

371 3887 415 3964 (a)
436 3891 495 3946 Sed
507 3890 568 3946 vid.
581 3890 674 3966 Epist.
689 3891 792 3968 64011.
809 3898 856 3958 tl.

372 3987 415 4065 (3)
436 3977 526 4047 Anat.¹
537 4001 632 4066 praet.
647 3991 713 4048 obs.
728 3988 777 4048 52.
