2824 4668
163 479 231 526 ιιι.
259 479 299 526 11.
328 479 894 549 nenonn1srrroanors,amsr.
922 489 1018 534 xxiv.
1048 467 1119 566 369

112 595 158 666 iis
176 619 259 691 quae
272 595 438 671 Bellinus
454 595 585 668 docuit
607 597 619 691 4
627 595 679 690 1),
695 613 732 668 et
752 599 969 674 Albertinus
990 603 1044 700 (a)
1056 605 1121 678 ob-

101 715 295 801 servavit,
316 713 441 811 colligi
464 713 551 785 licet
574 714 648 810 (3).
675 719 722 786 At
747 718 847 786 enim
869 721 906 788 in
929 721 1122 817 pluribus,

109 853 197 927 ,quae
215 829 384 901 indicatae
400 846 509 916 sunt,
527 831 669 902 dilatati
698 831 811 928 hujus
828 851 892 906 aut
906 837 1006 910 illius
1027 841 1122 912 vasis

115 947 444 1044 observationibus
457 947 527 1018 alia
549 965 675 1035 erant,
691 949 730 1020 in
761 952 875 1042 corde
901 959 1124 1050 praesertim,

112 1065 221 1153 vitia,
240 1091 262 1136 a
284 1066 423 1162 quibus
440 1067 677 1162 potissimum
701 1082 781 1138 tum
806 1071 909 1165 quod
931 1071 1124 1163 deessent,

115 1175 197 1255 tum
211 1183 314 1280 quod
331 1199 453 1256 essent
466 1173 637 1280 qoaedam
649 1185 772 1283 signa,
789 1191 1038 1285 repetendum
1051 1207 1126 1281 est,

115 1304 156 1372 in
183 1301 309 1372 Alardi
341 1317 468 1372 autem
501 1301 780 1390 observatione,
809 1307 955 1378 nullum
985 1308 1128 1380 horum

116 1445 201 1517 quae
216 1419 369 1516 quidem
382 1436 715 1516 supramemorata
734 1437 839 1510 sunt,
855 1440 964 1496 extat.
968 1431 1125 1545 Fateor,

118 1563 239 1635 eoque
264 1537 434 1608 haesitare
458 1563 518 1608 me
552 1539 639 1608 dixi.
663 1539 735 1608 Sed
758 1554 884 1612 tamen
906 1568 985 1638 quo
1009 1548 1127 1644 magis

118 1656 247 1728 omnia
265 1655 463 1752 expend0,
485 1668 534 1724 et
546 1656 659 1726 Paraei
689 1653 884 1726 historiam
914 1659 1062 1756 relege,
1081 1687 1128 1732 eo

118 1775 237 1872 magis
252 1774 434 1870 suspicari
449 1796 584 1868 cogor,
597 1772 636 1840 in
651 1797 694 1842 ea
704 1771 836 1843 saltem
851 1773 979 1846 deesse
993 1777 1131 1874 aliqua,
1152 1853 1156 1858 ,

119 1919 166 1964 ex
185 1889 326 1988 quibus
338 1889 542 1977 nonnulla,
560 1905 597 1960 et
607 1888 871 1960 vehementem
884 1891 985 1960 illam
999 1894 1038 1972 in
1054 1896 1130 1990 pri-

120 2011 193 2082 mis¹
220 2009 443 2080 arteriarum
475 2007 646 2079 omnium
669 2006 922 2106 pulsationem
947 2009 1131 2108 intelliga·
1188 2028 1193 2039 “

122 2151 218 2198 mus.
291 2152 294 2160 ¹

122 2296 128 2304 -
173 2245 230 2340 37.
259 2243 374 2338 Cujus
392 2243 440 2314 ad
463 2265 612 2314 causam
636 2239 678 2313 ut
700 2241 869 2331 redeam,
889 2259 926 2315 et
943 2245 992 2315 ad
1006 2247 1092 2342 ,ejus
1110 2273 1132 2318 a

123 2384 184 2431 me
200 2360 427 2457 descriptam
449 2359 667 2446 historiam,
689 2361 719 2431 si
739 2383 807 2458 per
823 2362 924 2432 illam
940 2363 1038 2433 hanc
1053 2389 1131 2438 cre-v

124 2477 182 2549 dis
197 2501 275 2548 non
295 2502 493 2574 perperam
510 2478 749 2574 explicatam,
764 2479 940 2577 intelligis
953 2483 1130 2578 primum,

123 2611 229 2666 tanto
256 2594 473 2694 diligentius
501 2595 730 2666 obstandum
753 2585 870 2668 initiis
889 2621 1132 2696 aneurysma-

123 2730 227 2802 tum,
248 2729 291 2784 ut
304 2715 498 2784 Laneisius
513 2711 567 2808 (4)
585 2728 713 2800 vocat,
734 2715 974 2810 spuriorum,
989 2732 1133 2811 quanto

123 2829 357 2904 manifestius
373 2845 446 2918 est,
463 2831 524 2901 vel
536 2832 755 2927 priusquam
766 2855 896 2900 verum
910 2855 1134 2927 aneurysma

123 2948 208 3038 fiat,
226 2949 418 3022 interdum
440 2947 487 3018 ab
505 2947 603 3018 illius
621 2944 732 3018 causa
751 2945 980 3017 defectiones
996 2950 1135 3036 animi,

125 3085 163 3142 et
190 3093 268 3139 non
288 3066 481 3140 ferendam
501 3068 576 3136 vim
603 3065 707 3153 mali,
730 3080 766 3135 et
788 3075 949 3136 mortem
980 3090 1134 3162 quoque

122 3192 246 3288 ipsam
265 3187 416 3262 afferri:
437 3213 520 3286 quae
536 3189 645 3258 vitari
662 3201 816 3284 possent
835 3189 962 3256 omnia
980 3166 1049 3284 per
1068 3213 1136 3258 cu-

126 3310 315 3379 rationem
337 3307 513 3379 idoneam
532 3305 999 3400 maturequeinstitutam,
1015 3305 1136 3401 qualis

167 3699 194 3775 (1
233 3701 277 3754 De
294 3698 391 3753 ιιιοιΙι.
405 3709 520 3772 pector.

132 3954 135 3966 s
168 3930 198 4007 (3
234 3929 303 3986 Vid.
322 3941 419 3986 tamen
431 3929 524 4002 Epist.
538 3927 594 3999 64
605 3948 634 3984 ιι.
649 3928 750 3997 7et8

169 4045 213 4123 (4)
235 4047 280 4102 De
293 4064 396 4104 aneur
406 4062 529 4121 propos
542 4041 569 4099 5.

205 4143 298 4215 3.

182 3813 213 3891 a)
233 3815 396 3870 Commeat.
410 3812 447 3869 de
459 3815 573 3868 Bonon
588 3812 636 3868 Sc.
650 3812 743 3868 Acad.
756 3823 828 3867 tom.
848 3831 873 3880 1,
889 3830 922 3865 ιιι
934 3830 1038 3886 opusc
