2820 4668
88 442 168 490 un.
201 442 245 490 n.
273 442 320 490 nr
346 437 703 502 uorsisrnonion,
726 435 841 486 error.
866 439 966 486 xxvi.
994 421 1062 512 491

35 573 117 632 tem
137 555 375 653 sangninem
410 551 504 628 dnm
525 551 736 626 mediestini
754 551 928 626 celeriter
941 551 1070 624 distre·

34 671 156 750 beret
187 672 371 760 laminas,
390 671 673 746 acerbissimum
697 669 803 742 illum
829 669 877 742 od
893 653 1070 744 eternum

32 791 256 879 dolorem,
276 815 393 888 quem
415 788 640 862 divulsirum
659 813 759 888 ager
778 789 938 861 vocabat
952 843 962 876 ‚
978 785 1069 862 elle·

35 911 175 1000 cisse,
198 923 384 984 ateaeterr
420 933 504 1006 qne
525 907 708 997 oberant,
728 905 951 980 inflammati
992 933 1071 982 me·

34 1027 210 1106 dissoni
226 1027 362 1103 iudicia
376 1024 496 1100 facem
509 1053 589 1100 non
600 1027 794 1102 debuisse:
805 1027 957 1100 tandem
970 1028 1071 1102 inter

36 1146 141 1222 duas
159 1147 282 1243 hujus
300 1146 456 1220 laminas
472 1161 618 1218 tantum
630 1148 846 1246 sanguinis,
860 1149 899 1218 in
916 1168 1072 1246 grumos

36 1269 207 1352 coacti,
232 1279 306 1340 tam
330 1264 436 1336 brevi
460 1266 667 1363 presertim
691 1280 893 1365 tempore,
917 1265 1071 1339 aliunde

38 1385 184 1481 repeti
200 1408 321 1481 quam
338 1409 383 1456 ex
402 1399 553 1482 pertusa
567 1385 691 1482 eliqua
704 1385 841 1460 arteria
853 1409 933 1458 non
947 1408 1072 1484 posse.

37 1500 117 1572 Sed
134 1503 324 1601 pleraque
342 1501 505 1590 horum,
525 1527 603 1572 nou
622 1501 739 1572 modo
757 1502 924 1599 reliqua,
942 1504 1073 1577 littera

39 1620 267 1694 Verlicohii
288 1619 556 1705 declarabant,
582 1641 667 1715 quae
690 1641 823 1689 eorum
841 1641 1000 1715 quoqne
1015 1621 1074 1689 in-

40 1738 312 1837 terrogationi
348 1735 629 1824 occurrebant,
660 1735 754 1835 qui,
787 1757 875 1804 cum
905 1736 1075 1832 reprom

41 1876 158 1953 eger
175 1856 256 1930 dies
273 1855 421 1952 aliquot
435 1856 550 1928 vitam
566 1855 756 1942 traxisset,
772 1873 923 1928 mnsam
936 1871 1075 1951 quere

40 1989 169 2061 rent,
189 1998 257 2046 our
275 1971 529 2044 Trombellius
541 1973 588 2044 sit
600 1973 699 2044 intra
711 1970 949 2070 undeviginti
962 1970 1076 2042 boras

39 2088 241 2164 sublatus.
258 2092 353 2160 Nam
369 2095 620 2188 preterquam
646 2089 752 2188 quod
770 2089 833 2161 illa
855 2103 956 2161 tanta
980 2085 1077 2161 inte·

35 2207 172 2280 rioris
192 2205 403 2280 mediastini
418 2206 650 2282 distentione
672 2231 741 2280 cor
758 2206 1077 2307 urgebatur,mo·

38 2321 148 2396 dico
163 2348 281 2420 supra
302 2319 377 2414 boo
395 2325 596 2400 intervallo
614 2342 696 2400 erat
713 2329 753 2399 in
773 2327 914 2400 tunicis
934 2347 1077 2426 niagno

42 2442 392 2517 arteriaeinnatum
405 2459 494 2516 ante
506 2443 609 2519 bone
621 2445 800 2522 morbum
813 2445 1077 2536 tuberculum,

46 2557 277 2654 grandioris
295 2564 403 2635 nucis
421 2563 703 2662 magnitudine,
729 2564 903 2638 humoris
920 2563 1077 2663 plenum

48 2675 105 2750 ad
134 2677 348 2754 vitellinum
375 2681 544 2758 colorem
574 2685 787 2783 vergentis,
812 2679 918 2786 quod
946 2681 1078 2754 tuber-

51 2795 193 2868 culum
212 2822 301 2870 enm
320 2801 420 2872 intro
433 2804 577 2874 arteriae
591 2797 728 2874 covn'ni
741 2821 820 2873 non
836 2798 1079 2871 mediocriter

54 2913 326 3011 protuberaret
339 2971 349 3008 ,
361 2941 488 3016 neque
507 2919 669 3016 amplius
687 2919 840 3016 sanguis
852 2971 861 3006 ,
872 2913 1078 2988 infirmatis

59 3031 189 3104 cordis
208 3033 373 3124 viribus,
386 3032 493 3134 quod
509 3037 615 3132 parvi
626 3036 704 3131 jam
724 3031 1079 3130 fundentesque

61 3147 319 3224 ostendebant
334 3153 487 3251 pnlsns3
515 3152 554 3224 id
572 3151 811 3228 obstaculum
830 3152 882 3223 ita
899 3173 1079 3248 superare

64 3280 218 3363 posset,
236 3284 280 3339 ut
296 3283 431 3359 antea;
456 3293 596 3369 nempe
616 3268 848 3357 retardatus,
874 3291 942 3340 cor
960 3267 1079 3366 magis

61 3383 255 3481 magisque
283 3400 321 3456 et
343 3387 545 3484 pulmones
573 3390 675 3486 ipsos
707 3387 911 3490 grambat:
936 3407 1077 3485 quain·

62 3499 194 3576 obrem
215 3501 356 3577 diutius
374 3506 430 3578 vis
449 3506 574 3579 morbi
587 3503 677 3578 lerri
697 3531 777 3578 non
795 3507 930 3605 potnit.

117 3624 174 3706 lio.
197 3619 320 3700 Habes
339 3649 417 3722 quo
435 3650 519 3700 mea
538 3626 588 3699 de
605 3625 681 3698 hoc
710 3625 848 3697 morbo
865 3625 957 3696 olim
974 3617 1078 3696 incli·

66 3751 170 3806 naret
200 3741 359 3836 opinio:
380 3744 441 3814 cui
467 3757 623 3832 tamen,
650 3758 693 3815 ut
717 3743 820 3828 dixi,
844 3740 941 3814 nihil
971 3741 1079 3838 prius

68 3853 235 3944 tribues,
267 3883 383 3956 quam
411 3859 613 3959 diligenter
641 3859 876 3960 expenderis.
903 3855 1018 3950 Quod
1046 3857 1078 3928 si

70 3995 224 4069 querere,
237 3977 318 4072 ejus
331 3976 522 4051 tuberculi
534 3977 674 4055 indicia
685 4001 860 4078 quaenam
873 3977 912 4050 iu
928 3978 1077 4050 vivente
