2958 4672
213 459 280 508 mr.
308 459 348 506 11.
377 458 427 506 ua
453 457 1037 520 uoua1sruoaaers,ur1sr.xx1.
1070 437 1136 508 123

138 576 258 676 hepar
274 575 412 673 magis,
429 599 550 672 eoque
570 575 737 671 gravius;
756 589 798 645 ut
815 576 970 646 minime
988 575 1138 646 dubita-

60 715 62 722 “
138 696 273 782 verim,
283 695 374 791 quin
385 693 498 788 hujus
510 691 678 790 pondere
691 691 818 770 adulto
831 693 878 763 ad
892 694 1043 790 pondus
1060 717 1139 766 cor-

139 811 197 885 dis
209 813 389 911 ingentis,¹
402 825 438 882 et
448 812 628 908 sanguine
642 811 801 908 oppleti,
813 812 928 910 magis
939 811 1139 911 diaphrag-

138 955 200 1002 ma
215 939 453 1028 gravaretur,
476 929 729 1026 deorsumque
747 929 1053 1026 compelleretur,
1077 955 1139 1000 eo·

138 1047 304 1144 demque
323 1073 344 1120 a
361 1047 640 1146 diaphragmate
658 1061 881 1143 urgerentur
892 1045 1009 1144 hepar
1019 1061 1055 1117 et
1072 1047 1142 1149 vis3

140 1187 225 1237 cera
245 1165 316 1235 alia
331 1165 510 1264 proxima.
532 1163 640 1235 Unde
657 1189 764 1251 veru,
776 1179 811 1233 et
829 1189 901 1261 qua
919 1165 976 1233 via
991 1163 1142 1262 sanguis

139 1283 180 1354 iri
199 1281 387 1356 cadaveris
406 1307 447 1354 os
468 1283 700 1380 pervenerit,
718 1307 804 1352 cum
822 1281 1037 1378 diligentius
1048 1307 1142 1378 quae·

139 1401 248 1472 rendi
273 1415 422 1498 tempus
442 1424 521 1472 uon
544 1414 658 1488 esset,
686 1401 840 1470 minime
862 1397 1141 1496 deprehensum

140 1534 205 1592 est.

188 1636 245 1738 ὃς).
273 1641 327 1706 Ex
344 1637 484 1709 caeteris
510 1649 633 1708 autem
656 1659 738 1732 quae
757 1636 797 1704 iu
824 1647 976 1705 mortuo
994 1649 1143 1732 reperta

140 1755 332 1842 essedixi,
357 1755 523 1851 proclive
544 1769 598 1826 est
622 1779 704 1850 quae
729 1755 914 1823 viventem
936 1750 1146 1824 afflixerant
1210 1834 1213 1840 ¹

142 1873 338 1971 explicare.
352 1876 429 1944 Nec
446 1869 733 1956 lunaelacum,
750 1893 816 1954 ne,
834 1871 863 1938 si
876 1870 983 1966 plura
996 1869 1143 1958 addam,

142 1991 304 2062 uoluisse
326 1990 455 2068 videar
483 2014 559 2059 non
578 1991 655 2085 jam
677 1987 891 2086 epistolam,
916 1987 980 2059 sed
1002 1986 1150 2058 librum.

140 2109 297 2180 mitrere.
320 2113 376 2178 Tu
394 2129 483 2178 cum
496 2109 539 2178 ils
559 2131 643 2204 quae
656 2105 701 2177 de
715 2129 804 2176 vero
816 2104 941 2176 cordis
951 2104 1144 2202 prolapsu,

140 2227 304 2322 ejusque
316 2239 577 2321 aneurysmate
597 2225 644 2294 ad
662 2239 698 2294 te
713 2221 1144 2322 allas(1)scriptae1sunt‚

141 2341 465 2414 observationibus
494 2343 526 2414 sl
545 2343 643 2412 hauc
666 2341 889 2430 contuleris,
910 2341 1145 2440 superiorem

141 2475 270 2530 aulem-
288 2481 374 2530 eum
394 2459 467 2530 'allis
486 2483 568 2556 quae
587 2457 634 2534 de
657 2458 983 2556 aneurysmatibus
1002 2459 1145 2530 arteriae

140 2601 281 2674 magnae
299 2575 368 2672 (2);
390 2599 458 2646 nec
474 2575 616 2673 aliquid
639 2575 687 2646 ab
706 2601 747 2646 re
766 2577 931 2648 alienum
952 2574 1083 2664 facies,
1109 2589 1147 2646 et

141 2695 310 2791 aurisque
320 2691 463 2788 adjecta
473 2693 640 2766 invenies
653 2693 833 2791 pleraque
845 2717 976 2766 eorum
991 2715 1077 2790 quae
1084 2692 1146 2762 hic

142 2813 315 2884 consulto
329 2813 676 2908 praeuermittuntur.
697 2812 799 2883 Vale.

181 3101 229 3206 (ι),
247 3129 340 3204 Epist.
357 3149 390 3200 17
398 3171 407 3199 ,
422 3149 452 3188 11.
469 3130 516 3186 28.
548 3120 551 3126 ’

183 3229 227 3304 (a)
246 3230 339 3304 Epist.
352 3230 415 3286 ead.
428 3241 457 3286 et
473 3231 517 3285 18.
