<?xml version="1.0" encoding="UTF-8"?>
<!DOCTYPE html PUBLIC "-//W3C//DTD XHTML 1.0 Transitional//EN"
    "http://www.w3.org/TR/xhtml1/DTD/xhtml1-transitional.dtd">
<html xmlns="http://www.w3.org/1999/xhtml" xml:lang="en" lang="en">
 <head>
  <title>
</title>
<meta http-equiv="Content-Type" content="text/html;charset=utf-8" />
  <meta name='ocr-system' content='tesseract 3.04.00' />
  <meta name='ocr-capabilities' content='ocr_page ocr_carea ocr_par ocr_line ocrx_word'/>
</head>
<body>
  <div class='ocr_page' id='page_1' title='image "./desedibusetcaus01adelgoog_0223.png"; bbox 0 0 2808 4664; ppageno 0'>
   <div class='ocr_carea' id='block_1_1' title="bbox 269 429 1124 504">
    <p class='ocr_par' dir='ltr' id='par_1_1' title="bbox 269 429 1124 504">
     <span class='ocr_line' id='line_1_1' title="bbox 269 429 1124 504; baseline 0.002 -4"><span class='ocrx_word' id='word_1_1' title='bbox 269 457 271 462; x_wconf 56' lang='lat'><strong><em>¹</em></strong></span> <span class='ocrx_word' id='word_1_2' title='bbox 293 429 363 500; x_wconf 83' lang='lat'><strong>228</strong></span> <span class='ocrx_word' id='word_1_3' title='bbox 405 483 411 496; x_wconf 89' lang='lat'><strong>.</strong></span> <span class='ocrx_word' id='word_1_4' title='bbox 454 451 501 496; x_wconf 79' lang='lat' dir='ltr'><strong>ur</strong></span> <span class='ocrx_word' id='word_1_5' title='bbox 526 449 672 500; x_wconf 78' lang='lat' dir='ltr'><strong>surmus</strong></span> <span class='ocrx_word' id='word_1_6' title='bbox 696 453 740 498; x_wconf 81' lang='lat' dir='ltr'><strong>nr</strong></span> <span class='ocrx_word' id='word_1_7' title='bbox 765 451 888 500; x_wconf 65' lang='lat' dir='ltr'><strong>ceusu</strong></span> <span class='ocrx_word' id='word_1_8' title='bbox 913 442 1124 504; x_wconf 70' lang='lat' dir='ltr'><strong>nonnosum</strong></span> 
     </span>
    </p>
   </div>
   <div class='ocr_carea' id='block_1_2' title="bbox 167 565 1296 3354">
    <p class='ocr_par' dir='ltr' id='par_1_2' title="bbox 167 565 1296 3004">
     <span class='ocr_line' id='line_1_2' title="bbox 288 565 1294 674; baseline 0.006 -38"><span class='ocrx_word' id='word_1_9' title='bbox 288 566 431 664; x_wconf 88' lang='lat' dir='ltr'><strong>pulmo,</strong></span> <span class='ocrx_word' id='word_1_10' title='bbox 439 579 503 636; x_wconf 87' lang='lat' dir='ltr'><strong>aut</strong></span> <span class='ocrx_word' id='word_1_11' title='bbox 514 587 581 634; x_wconf 89' lang='lat' dir='ltr'><strong>cor</strong></span> <span class='ocrx_word' id='word_1_12' title='bbox 591 588 746 674; x_wconf 73' lang='lat' dir='ltr'><strong>prorsus</strong></span> <span class='ocrx_word' id='word_1_13' title='bbox 755 565 950 662; x_wconf 88' lang='lat' dir='ltr'><strong>quiescere</strong></span> <span class='ocrx_word' id='word_1_14' title='bbox 959 567 1104 640; x_wconf 74' lang='lat' dir='ltr'><strong>tamdiu</strong></span> <span class='ocrx_word' id='word_1_15' title='bbox 1114 586 1294 667; x_wconf 81' lang='lat' dir='ltr'><strong>possunt3</strong></span> 
     </span>
     <span class='ocr_line' id='line_1_3' title="bbox 287 682 1296 781; baseline 0.005 -25"><span class='ocrx_word' id='word_1_16' title='bbox 287 685 373 756; x_wconf 87' lang='lat' dir='ltr'><strong>satis</strong></span> <span class='ocrx_word' id='word_1_17' title='bbox 388 697 592 768; x_wconf 85' lang='lat' dir='ltr'><strong>esttamen,</strong></span> <span class='ocrx_word' id='word_1_18' title='bbox 605 682 835 778; x_wconf 81' lang='lat' dir='ltr'><strong>siquiescere</strong></span> <span class='ocrx_word' id='word_1_19' title='bbox 850 684 1132 781; x_wconf 85' lang='lat' dir='ltr'>propemodum</span> <span class='ocrx_word' id='word_1_20' title='bbox 1144 686 1296 761; x_wconf 82' lang='lat' dir='ltr'><strong>videan-</strong></span> 
     </span>
     <span class='ocr_line' id='line_1_4' title="bbox 286 797 1294 901; baseline 0.002 -29"><span class='ocrx_word' id='word_1_21' title='bbox 286 816 358 872; x_wconf 87' lang='lat' dir='ltr'><strong>tur.</strong></span> <span class='ocrx_word' id='word_1_22' title='bbox 383 802 442 872; x_wconf 87' lang='lat' dir='ltr'><strong>Sic</strong></span> <span class='ocrx_word' id='word_1_23' title='bbox 467 823 568 878; x_wconf 77' lang='lat' dir='ltr'><strong>vern,</strong></span> <span class='ocrx_word' id='word_1_24' title='bbox 586 797 637 869; x_wconf 92' lang='lat' dir='ltr'><strong>ibi</strong></span> <span class='ocrx_word' id='word_1_25' title='bbox 664 800 774 872; x_wconf 88' lang='lat' dir='ltr'><strong>etiam</strong></span> <span class='ocrx_word' id='word_1_26' title='bbox 798 797 863 870; x_wconf 93' lang='lat' dir='ltr'><strong>ubi</strong></span> <span class='ocrx_word' id='word_1_27' title='bbox 888 799 1086 874; x_wconf 87' lang='lat' dir='ltr'><strong>abeodem</strong></span> <span class='ocrx_word' id='word_1_28' title='bbox 1107 803 1294 901; x_wconf 89' lang='lat' dir='ltr'><strong>scriptum</strong></span> 
     </span>
     <span class='ocr_line' id='line_1_5' title="bbox 287 913 1293 1016; baseline 0.002 -28"><span class='ocrx_word' id='word_1_29' title='bbox 287 933 341 988; x_wconf 89' lang='lat' dir='ltr'><strong>est</strong></span> <span class='ocrx_word' id='word_1_30' title='bbox 352 916 423 1012; x_wconf 84' lang='lat'>(1):</span> <span class='ocrx_word' id='word_1_31' title='bbox 439 913 616 1002; x_wconf 90' lang='lat' dir='ltr'><strong>humido,</strong></span> <span class='ocrx_word' id='word_1_32' title='bbox 634 916 700 1012; x_wconf 92' lang='lat' dir='ltr'><strong>qui</strong></span> <span class='ocrx_word' id='word_1_33' title='bbox 712 914 898 1010; x_wconf 78' lang='lat' dir='ltr'><strong>disjuncta</strong></span> <span class='ocrx_word' id='word_1_34' title='bbox 912 933 1049 1007; x_wconf 86' lang='lat' dir='ltr'><strong>servet,</strong></span> <span class='ocrx_word' id='word_1_35' title='bbox 1064 943 1214 1016; x_wconf 82' lang='lat' dir='ltr'><strong>vapore</strong></span> <span class='ocrx_word' id='word_1_36' title='bbox 1232 921 1293 990; x_wconf 89' lang='lat' dir='ltr'><strong>de-</strong></span> 
     </span>
     <span class='ocr_line' id='line_1_6' title="bbox 274 1034 1290 1130; baseline 0.004 -26"><span class='ocrx_word' id='word_1_37' title='bbox 274 1035 447 1130; x_wconf 82' lang='lat' dir='ltr'><strong>ficiente,</strong></span> <span class='ocrx_word' id='word_1_38' title='bbox 464 1037 587 1103; x_wconf 80' lang='lat' dir='ltr'><strong>visum</strong></span> <span class='ocrx_word' id='word_1_39' title='bbox 604 1047 659 1102; x_wconf 84' lang='lat' dir='ltr'><strong>est</strong></span> <span class='ocrx_word' id='word_1_40' title='bbox 675 1056 740 1102; x_wconf 85' lang='lat' dir='ltr'><strong>cor</strong></span> <span class='ocrx_word' id='word_1_41' title='bbox 757 1055 839 1102; x_wconf 85' lang='lat' dir='ltr'><strong>cum</strong></span> <span class='ocrx_word' id='word_1_42' title='bbox 846 1034 1063 1130; x_wconf 81' lang='lat' dir='ltr'><strong>pericardi&#39;o</strong></span> <span class='ocrx_word' id='word_1_43' title='bbox 1083 1053 1290 1108; x_wconf 77' lang='lat' dir='ltr'><em>connatam</em></span> 
     </span>
     <span class='ocr_line' id='line_1_7' title="bbox 283 1150 1292 1252; baseline 0.005 -33"><span class='ocrx_word' id='word_1_44' title='bbox 283 1164 373 1248; x_wconf 86' lang='lat' dir='ltr'><strong>post</strong></span> <span class='ocrx_word' id='word_1_45' title='bbox 393 1153 760 1244; x_wconf 76' lang='lat' dir='ltr'><strong>miserasangustias</strong></span> <span class='ocrx_word' id='word_1_46' title='bbox 779 1164 822 1220; x_wconf 76' lang='lat' dir='ltr'><strong>et.</strong></span> <span class='ocrx_word' id='word_1_47' title='bbox 828 1150 1104 1252; x_wconf 82' lang='lat' dir='ltr'><strong>palpitationes</strong></span> <span class='ocrx_word' id='word_1_48' title='bbox 1123 1153 1292 1224; x_wconf 81' lang='lat' dir='ltr'><strong>homines</strong></span> 
     </span>
     <span class='ocr_line' id='line_1_8' title="bbox 285 1257 1289 1362; baseline 0.002 -24"><span class='ocrx_word' id='word_1_49' title='bbox 285 1264 474 1353; x_wconf 72' lang='lat' dir='ltr'><strong>occidisse,</strong></span> <span class='ocrx_word' id='word_1_50' title='bbox 494 1265 640 1362; x_wconf 84' lang='lat' dir='ltr'><strong>qualem</strong></span> <span class='ocrx_word' id='word_1_51' title='bbox 664 1265 860 1336; x_wconf 77' lang='lat' dir='ltr'><em>historiam</em></span> <span class='ocrx_word' id='word_1_52' title='bbox 877 1257 1039 1360; x_wconf 76' lang='lat' dir='ltr'><strong>Peyerus</strong></span> <span class='ocrx_word' id='word_1_53' title='bbox 1056 1269 1190 1358; x_wconf 80' lang='lat' dir='ltr'><strong>tabet,</strong></span> <span class='ocrx_word' id='word_1_54' title='bbox 1216 1269 1289 1357; x_wconf 85' lang='lat' dir='ltr'><strong>ibi,</strong></span> 
     </span>
     <span class='ocr_line' id='line_1_9' title="bbox 284 1381 1289 1482; baseline 0.004 -30"><span class='ocrx_word' id='word_1_55' title='bbox 284 1381 457 1480; x_wconf 85' lang='lat' dir='ltr'><strong>inquam,</strong></span> <span class='ocrx_word' id='word_1_56' title='bbox 476 1383 615 1480; x_wconf 85' lang='lat' dir='ltr'><strong>pariter</strong></span> <span class='ocrx_word' id='word_1_57' title='bbox 629 1382 836 1456; x_wconf 85' lang='lat' dir='ltr'><strong>cavendum</strong></span> <span class='ocrx_word' id='word_1_58' title='bbox 848 1399 918 1472; x_wconf 84' lang='lat' dir='ltr'><strong>est,</strong></span> <span class='ocrx_word' id='word_1_59' title='bbox 934 1409 982 1456; x_wconf 89' lang='lat' dir='ltr'><strong>ne</strong></span> <span class='ocrx_word' id='word_1_60' title='bbox 991 1384 1202 1482; x_wconf 80' lang='lat' dir='ltr'><strong>plusquam</strong></span> <span class='ocrx_word' id='word_1_61' title='bbox 1216 1383 1289 1456; x_wconf 85' lang='lat' dir='ltr'><strong>for·</strong></span> 
     </span>
     <span class='ocr_line' id='line_1_10' title="bbox 281 1499 1287 1588; baseline 0.003 -17"><span class='ocrx_word' id='word_1_62' title='bbox 281 1515 391 1572; x_wconf 86' lang='lat' dir='ltr'><strong>tasse</strong></span> <span class='ocrx_word' id='word_1_63' title='bbox 412 1499 592 1588; x_wconf 87' lang='lat' dir='ltr'><strong>voluerit,</strong></span> <span class='ocrx_word' id='word_1_64' title='bbox 623 1507 811 1573; x_wconf 88' lang='lat' dir='ltr'><strong>summum</strong></span> <span class='ocrx_word' id='word_1_65' title='bbox 841 1503 965 1572; x_wconf 86' lang='lat' dir='ltr'><strong>virum</strong></span> <span class='ocrx_word' id='word_1_66' title='bbox 996 1501 1131 1584; x_wconf 84' lang='lat' dir='ltr'><strong>dixisse</strong></span> <span class='ocrx_word' id='word_1_67' title='bbox 1159 1503 1287 1576; x_wconf 81' lang='lat' dir='ltr'><strong>creda-</strong></span> 
     </span>
     <span class='ocr_line' id='line_1_11' title="bbox 281 1615 1286 1716; baseline 0.003 -29"><span class='ocrx_word' id='word_1_68' title='bbox 281 1642 376 1690; x_wconf 90' lang='lat' dir='ltr'><strong>mus.</strong></span> <span class='ocrx_word' id='word_1_69' title='bbox 390 1621 484 1690; x_wconf 84' lang='lat' dir='ltr'><strong>Nam</strong></span> <span class='ocrx_word' id='word_1_70' title='bbox 498 1622 659 1714; x_wconf 90' lang='lat' dir='ltr'><strong>Peyerus</strong></span> <span class='ocrx_word' id='word_1_71' title='bbox 671 1615 726 1712; x_wconf 68' lang='grc' dir='ltr'><strong>(α)</strong></span> <span class='ocrx_word' id='word_1_72' title='bbox 747 1641 831 1688; x_wconf 89' lang='lat' dir='ltr'><strong>cum</strong></span> <span class='ocrx_word' id='word_1_73' title='bbox 847 1619 1095 1716; x_wconf 81' lang='lat' dir='ltr'><strong>respiratione</strong></span> <span class='ocrx_word' id='word_1_74' title='bbox 1108 1617 1286 1692; x_wconf 88' lang='lat' dir='ltr'><strong>difficilli-</strong></span> 
     </span>
     <span class='ocr_line' id='line_1_12' title="bbox 167 1733 1286 1832; baseline 0.002 -26"><span class='ocrx_word' id='word_1_75' title='bbox 167 1747 169 1758; x_wconf 81' lang='grc'>’</span> <span class='ocrx_word' id='word_1_76' title='bbox 281 1740 569 1816; x_wconf 79' lang='lat' dir='ltr'><strong>mamaximam</strong></span> <span class='ocrx_word' id='word_1_77' title='bbox 591 1733 745 1830; x_wconf 91' lang='lat' dir='ltr'><strong>quidem</strong></span> <span class='ocrx_word' id='word_1_78' title='bbox 757 1742 922 1832; x_wconf 82' lang='lat' dir='ltr'><em>pectoris</em></span> <span class='ocrx_word' id='word_1_79' title='bbox 941 1740 1191 1826; x_wconf 77' lang='lat' dir='ltr'><em>anxietatem,</em></span> <span class='ocrx_word' id='word_1_80' title='bbox 1217 1763 1286 1810; x_wconf 89' lang='lat' dir='ltr'><strong>nec</strong></span> 
     </span>
     <span class='ocr_line' id='line_1_13' title="bbox 279 1850 1284 1952; baseline 0.001 -29"><span class='ocrx_word' id='word_1_81' title='bbox 279 1867 405 1924; x_wconf 85' lang='lat' dir='ltr'><strong>tamen</strong></span> <span class='ocrx_word' id='word_1_82' title='bbox 427 1852 562 1925; x_wconf 86' lang='lat' dir='ltr'><strong>diserte</strong></span> <span class='ocrx_word' id='word_1_83' title='bbox 583 1850 847 1948; x_wconf 66' lang='lat' dir='ltr'><strong>palpitationes</strong></span> <span class='ocrx_word' id='word_1_84' title='bbox 866 1851 1082 1943; x_wconf 64' lang='lat' dir='ltr'><strong>adnotavit,</strong></span> <span class='ocrx_word' id='word_1_85' title='bbox 1111 1855 1181 1926; x_wconf 91' lang='lat' dir='ltr'><strong>etsi</strong></span> <span class='ocrx_word' id='word_1_86' title='bbox 1202 1854 1284 1952; x_wconf 94' lang='lat' dir='ltr'><strong>pul·</strong></span> 
     </span>
     <span class='ocr_line' id='line_1_14' title="bbox 280 1949 1285 2067; baseline -0.002 -25"><span class='ocrx_word' id='word_1_87' title='bbox 280 1994 363 2042; x_wconf 91' lang='lat' dir='ltr'><strong>sum</strong></span> <span class='ocrx_word' id='word_1_88' title='bbox 381 1949 541 2040; x_wconf 62' lang='lat' dir='ltr'><strong>debilem</strong></span> <span class='ocrx_word' id='word_1_89' title='bbox 560 1993 728 2067; x_wconf 79' lang='lat' dir='ltr'><strong>semper,</strong></span> <span class='ocrx_word' id='word_1_90' title='bbox 747 1983 783 2040; x_wconf 92' lang='lat' dir='ltr'><strong>et</strong></span> <span class='ocrx_word' id='word_1_91' title='bbox 797 1956 977 2066; x_wconf 67' lang='lat' dir='ltr'><strong>parvum,</strong></span> <span class='ocrx_word' id='word_1_92' title='bbox 999 1968 1197 2042; x_wconf 83' lang='lat' dir='ltr'><strong>tremulum</strong></span> <span class='ocrx_word' id='word_1_93' title='bbox 1216 1969 1285 2040; x_wconf 85' lang='lat' dir='ltr'><strong>ali-</strong></span> 
     </span>
     <span class='ocr_line' id='line_1_15' title="bbox 281 2086 1283 2185; baseline 0 -26"><span class='ocrx_word' id='word_1_94' title='bbox 281 2087 434 2185; x_wconf 88' lang='lat' dir='ltr'><em>quando</em></span> <span class='ocrx_word' id='word_1_95' title='bbox 443 2141 454 2173; x_wconf 90' lang='lat'>‚</span> <span class='ocrx_word' id='word_1_96' title='bbox 473 2086 683 2183; x_wconf 81' lang='lat' dir='ltr'><strong>ultimisque</strong></span> <span class='ocrx_word' id='word_1_97' title='bbox 698 2086 845 2158; x_wconf 85' lang='lat' dir='ltr'><strong>dnobus</strong></span> <span class='ocrx_word' id='word_1_98' title='bbox 856 2090 1037 2162; x_wconf 82' lang='lat' dir='ltr'><strong>mensibus</strong></span> <span class='ocrx_word' id='word_1_99' title='bbox 1049 2093 1283 2159; x_wconf 69' lang='lat' dir='ltr'><strong>inseruitum·-</strong></span> 
     </span>
     <span class='ocr_line' id='line_1_16' title="bbox 280 2201 1281 2301; baseline 0.002 -27"><span class='ocrx_word' id='word_1_100' title='bbox 280 2218 352 2274; x_wconf 83' lang='lat' dir='ltr'><strong>tem</strong></span> <span class='ocrx_word' id='word_1_101' title='bbox 371 2219 485 2300; x_wconf 79' lang='lat' dir='ltr'><strong>atque</strong></span> <span class='ocrx_word' id='word_1_102' title='bbox 501 2201 555 2272; x_wconf 90' lang='lat' dir='ltr'><strong>ad</strong></span> <span class='ocrx_word' id='word_1_103' title='bbox 569 2219 772 2295; x_wconf 77' lang='lat' dir='ltr'><strong>extremum</strong></span> <span class='ocrx_word' id='word_1_104' title='bbox 781 2203 902 2301; x_wconf 84' lang='lat' dir='ltr'><strong>plane</strong></span> <span class='ocrx_word' id='word_1_105' title='bbox 919 2229 1090 2297; x_wconf 79' lang='lat' dir='ltr'><strong>myurum</strong></span> <span class='ocrx_word' id='word_1_106' title='bbox 1104 2207 1281 2294; x_wconf 82' lang='lat' dir='ltr'><strong>etformi·</strong></span> 
     </span>
     <span class='ocr_line' id='line_1_17' title="bbox 278 2316 1281 2419; baseline 0.003 -28"><span class='ocrx_word' id='word_1_107' title='bbox 278 2335 423 2391; x_wconf 86' lang='lat' dir='ltr'><strong>cantem</strong></span> <span class='ocrx_word' id='word_1_108' title='bbox 444 2316 555 2391; x_wconf 87' lang='lat' dir='ltr'><strong>fuisse</strong></span> <span class='ocrx_word' id='word_1_109' title='bbox 579 2321 735 2418; x_wconf 86' lang='lat' dir='ltr'><strong>scripsit.</strong></span> <span class='ocrx_word' id='word_1_110' title='bbox 759 2319 836 2394; x_wconf 84' lang='lat' dir='ltr'><strong>Nec</strong></span> <span class='ocrx_word' id='word_1_111' title='bbox 860 2346 950 2392; x_wconf 81' lang='lat' dir='ltr'><strong>vero</strong></span> <span class='ocrx_word' id='word_1_112' title='bbox 971 2323 1011 2392; x_wconf 90' lang='lat' dir='ltr'><strong>in</strong></span> <span class='ocrx_word' id='word_1_113' title='bbox 1032 2322 1181 2394; x_wconf 85' lang='lat' dir='ltr'><strong>cunctis</strong></span> <span class='ocrx_word' id='word_1_114' title='bbox 1201 2347 1281 2419; x_wconf 82' lang='lat' dir='ltr'><strong>quae</strong></span> 
     </span>
     <span class='ocr_line' id='line_1_18' title="bbox 277 2434 1279 2527; baseline 0 -19"><span class='ocrx_word' id='word_1_115' title='bbox 277 2436 347 2510; x_wconf 91' lang='lat' dir='ltr'><strong>sub</strong></span> <span class='ocrx_word' id='word_1_116' title='bbox 368 2460 412 2506; x_wconf 89' lang='lat' dir='ltr'><strong>eo</strong></span> <span class='ocrx_word' id='word_1_117' title='bbox 427 2434 739 2512; x_wconf 85' lang='lat' dir='ltr'><strong>Boerhaaviiloco</strong></span> <span class='ocrx_word' id='word_1_118' title='bbox 756 2436 992 2527; x_wconf 85' lang='lat' dir='ltr'><strong>indicantur,</strong></span> <span class='ocrx_word' id='word_1_119' title='bbox 1012 2438 1279 2510; x_wconf 87' lang='lat' dir='ltr'><strong>observationi·</strong></span> 
     </span>
     <span class='ocr_line' id='line_1_19' title="bbox 275 2553 1279 2652; baseline -0.002 -24"><span class='ocrx_word' id='word_1_120' title='bbox 275 2555 510 2652; x_wconf 73' lang='lat' dir='ltr'><strong>bus‚,nequ0</strong></span> <span class='ocrx_word' id='word_1_121' title='bbox 525 2555 563 2625; x_wconf 89' lang='lat' dir='ltr'><strong>in</strong></span> <span class='ocrx_word' id='word_1_122' title='bbox 584 2555 664 2626; x_wconf 87' lang='lat' dir='ltr'><strong>aliis</strong></span> <span class='ocrx_word' id='word_1_123' title='bbox 680 2553 975 2652; x_wconf 80' lang='lat' dir='ltr'><strong>pluribus‚.quoe</strong></span> <span class='ocrx_word' id='word_1_124' title='bbox 997 2553 1176 2628; x_wconf 83' lang='lat' dir='ltr'><strong>scribenti</strong></span> <span class='ocrx_word' id='word_1_125' title='bbox 1202 2555 1279 2628; x_wconf 86' lang='lat' dir='ltr'><strong>haec</strong></span> 
     </span>
     <span class='ocr_line' id='line_1_20' title="bbox 274 2671 1275 2769; baseline 0.002 -27"><span class='ocrx_word' id='word_1_126' title='bbox 274 2671 371 2746; x_wconf 88' lang='lat' dir='ltr'><strong>mihi</strong></span> <span class='ocrx_word' id='word_1_127' title='bbox 394 2687 634 2760; x_wconf 83' lang='lat' dir='ltr'><strong>succurrunt,</strong></span> <span class='ocrx_word' id='word_1_128' title='bbox 667 2672 924 2769; x_wconf 85' lang='lat' dir='ltr'><strong>angustiarum</strong></span> <span class='ocrx_word' id='word_1_129' title='bbox 942 2673 1275 2769; x_wconf 84' lang='lat' dir='ltr'><strong>semper‚&#39;nedum</strong></span> 
     </span>
     <span class='ocr_line' id='line_1_21' title="bbox 274 2786 1277 2888; baseline 0.002 -29"><span class='ocrx_word' id='word_1_130' title='bbox 274 2789 582 2888; x_wconf 84' lang='lat' dir='ltr'><strong>palpitationum,</strong></span> <span class='ocrx_word' id='word_1_131' title='bbox 606 2786 649 2860; x_wconf 86' lang='lat' dir='ltr'><strong>fit</strong></span> <span class='ocrx_word' id='word_1_132' title='bbox 662 2789 824 2860; x_wconf 89' lang='lat' dir='ltr'><strong>mentio:</strong></span> <span class='ocrx_word' id='word_1_133' title='bbox 844 2787 948 2885; x_wconf 91' lang='lat' dir='ltr'><strong>quod</strong></span> <span class='ocrx_word' id='word_1_134' title='bbox 967 2789 1071 2862; x_wconf 86' lang='lat' dir='ltr'><strong>exiis</strong></span> <span class='ocrx_word' id='word_1_135' title='bbox 1089 2788 1277 2887; x_wconf 88' lang='lat' dir='ltr'><strong>intelliges</strong></span> 
     </span>
     <span class='ocr_line' id='line_1_22' title="bbox 273 2905 1200 3004; baseline -0.004 -26"><span class='ocrx_word' id='word_1_136' title='bbox 273 2932 355 3004; x_wconf 87' lang='lat' dir='ltr'><strong>quae</strong></span> <span class='ocrx_word' id='word_1_137' title='bbox 377 2931 501 3004; x_wconf 87' lang='lat' dir='ltr'><strong>presse</strong></span> <span class='ocrx_word' id='word_1_138' title='bbox 519 2907 564 2978; x_wconf 93' lang='lat' dir='ltr'><strong>de</strong></span> <span class='ocrx_word' id='word_1_139' title='bbox 582 2905 736 3004; x_wconf 85' lang='lat' dir='ltr'><strong>singulis</strong></span> <span class='ocrx_word' id='word_1_140' title='bbox 755 2905 937 2976; x_wconf 90' lang='lat' dir='ltr'><strong>continuo</strong></span> <span class='ocrx_word' id='word_1_141' title='bbox 959 2907 1200 3004; x_wconf 85' lang='lat' dir='ltr'><strong>attingentur.</strong></span> 
     </span>
    </p>

    <p class='ocr_par' dir='ltr' id='par_1_3' title="bbox 270 3021 1275 3354">
     <span class='ocr_line' id='line_1_23' title="bbox 283 3021 1275 3122; baseline -0.002 -26"><span class='ocrx_word' id='word_1_142' title='bbox 283 3081 286 3088; x_wconf 58' lang='grc'>,</span> <span class='ocrx_word' id='word_1_143' title='bbox 326 3025 378 3096; x_wconf 90' lang='lat'><strong>18.</strong></span> <span class='ocrx_word' id='word_1_144' title='bbox 406 3026 576 3114; x_wconf 85' lang='lat' dir='ltr'><strong>Quatuor</strong></span> <span class='ocrx_word' id='word_1_145' title='bbox 596 3048 641 3094; x_wconf 86' lang='lat' dir='ltr'><strong>ex</strong></span> <span class='ocrx_word' id='word_1_146' title='bbox 670 3021 938 3122; x_wconf 86' lang='lat' dir='ltr'><strong>vetustioribus</strong></span> <span class='ocrx_word' id='word_1_147' title='bbox 961 3038 1046 3094; x_wconf 90' lang='lat' dir='ltr'><strong>sunt</strong></span> <span class='ocrx_word' id='word_1_148' title='bbox 1075 3023 1114 3094; x_wconf 91' lang='lat' dir='ltr'><strong>in</strong></span> <span class='ocrx_word' id='word_1_149' title='bbox 1146 3023 1275 3121; x_wconf 88' lang='lat' dir='ltr'><strong>Sepul-</strong></span> 
     </span>
     <span class='ocr_line' id='line_1_24' title="bbox 273 3129 1273 3236; baseline -0.002 -24"><span class='ocrx_word' id='word_1_150' title='bbox 273 3140 422 3228; x_wconf 78' lang='lat' dir='ltr'><strong>chret03</strong></span> <span class='ocrx_word' id='word_1_151' title='bbox 433 3138 497 3212; x_wconf 92' lang='lat' dir='ltr'><strong>sed</strong></span> <span class='ocrx_word' id='word_1_152' title='bbox 512 3138 582 3210; x_wconf 85' lang='lat' dir='ltr'><strong>alia</strong></span> <span class='ocrx_word' id='word_1_153' title='bbox 591 3131 699 3227; x_wconf 79' lang='lat' dir='ltr'><strong>alibi,</strong></span> <span class='ocrx_word' id='word_1_154' title='bbox 710 3139 793 3212; x_wconf 91' lang='lat' dir='ltr'><strong>Gul.</strong></span> <span class='ocrx_word' id='word_1_155' title='bbox 808 3129 964 3212; x_wconf 85' lang='lat' dir='ltr'><strong>Ballonii</strong></span> <span class='ocrx_word' id='word_1_156' title='bbox 974 3139 1040 3236; x_wconf 78' lang='lat'>(3),</span> <span class='ocrx_word' id='word_1_157' title='bbox 1050 3139 1137 3212; x_wconf 89' lang='lat' dir='ltr'><strong>Oth.</strong></span> <span class='ocrx_word' id='word_1_158' title='bbox 1155 3145 1273 3211; x_wconf 87' lang='lat' dir='ltr'><strong>Heur·</strong></span> 
     </span>
     <span class='ocr_line' id='line_1_25' title="bbox 270 3254 1273 3354; baseline -0.001 -26"><span class='ocrx_word' id='word_1_159' title='bbox 270 3258 324 3328; x_wconf 86' lang='lat' dir='ltr'><strong>nii</strong></span> <span class='ocrx_word' id='word_1_160' title='bbox 338 3255 409 3352; x_wconf 70' lang='grc' dir='ltr'><strong>(Δ),</strong></span> <span class='ocrx_word' id='word_1_161' title='bbox 429 3271 465 3328; x_wconf 90' lang='lat' dir='ltr'><strong>et</strong></span> <span class='ocrx_word' id='word_1_162' title='bbox 480 3257 554 3330; x_wconf 87' lang='lat' dir='ltr'><strong>hoc</strong></span> <span class='ocrx_word' id='word_1_163' title='bbox 567 3257 742 3346; x_wconf 87' lang='lat' dir='ltr'><strong>senioris,</strong></span> <span class='ocrx_word' id='word_1_164' title='bbox 761 3255 893 3328; x_wconf 89' lang='lat' dir='ltr'><strong>Philib.</strong></span> <span class='ocrx_word' id='word_1_165' title='bbox 917 3257 1087 3334; x_wconf 76' lang='lat' dir='ltr'><strong>Sarazeni</strong></span> <span class='ocrx_word' id='word_1_166' title='bbox 1104 3254 1181 3354; x_wconf 81' lang='lat'><strong>(5),</strong></span> <span class='ocrx_word' id='word_1_167' title='bbox 1209 3258 1273 3354; x_wconf 91' lang='lat' dir='ltr'><strong>qui</strong></span> 
     </span>
    </p>
   </div>
   <div class='ocr_carea' id='block_1_3' title="bbox 0 0 1408 4664">
    <p class='ocr_par' dir='ltr' id='par_1_4' title="bbox 0 0 1408 4664">
     <span class='ocr_line' id='line_1_26' title="bbox 0 0 1408 4664; baseline 0 4"><span class='ocrx_word' id='word_1_168' title='bbox 0 0 1408 4664; x_wconf 95' lang='lat' dir='ltr'><strong> </strong></span> 
     </span>
    </p>
   </div>
  </div>
 </body>
</html>
