2816 4668
172 523 240 569 ara.
268 521 307 567 n.
337 519 383 566 na
408 513 545 564 uonars
570 513 764 578 monacis,
789 513 901 562 arrsr.
922 515 1019 562 xxvr.
1049 491 1114 580 451

116 660 191 734 que
211 631 378 705 cuniculi
396 643 604 702 extrorsum
621 628 713 712 acti,
741 627 787 697 ad
813 621 986 700 extimam
1010 645 1120 702 aortae

116 753 293 824 laminam
313 757 582 848 pervenerant,
597 744 651 814 ibi
668 759 868 842 propterea
879 771 924 816 ex
936 744 1042 819 fusco
1059 773 1121 820 ru·

115 869 271 942 bentem
301 868 408 965 quasi
431 864 478 936 ab
504 861 806 934 inflammatione
826 864 1024 962 multoque
1050 865 1121 937 hu·

117 1009 225 1057 more
254 983 474 1057 crassiorem
502 978 635 1051 factam
655 1005 663 1049 ε
681 979 721 1050 in
743 982 906 1078 ejusque
927 982 1122 1056 rubedinis

116 1103 245 1176 medio
262 1104 421 1174 lacerata
438 1099 591 1171 demum
606 1097 764 1186 lamina,
779 1093 929 1198 sanguis
943 1100 1013 1172 sibi
1023 1103 1121 1172 viam

117 1223 158 1292 iu
172 1219 423 1319 pericardium
447 1215 586 1289 fecerat
609 1238 679 1313 per
702 1213 871 1288 foramen
897 1219 1056 1291 internis
1075 1221 1123 1290 si-

117 1339 226 1428 mile,
243 1353 281 1410 et
299 1337 466 1435 ejusdem
480 1331 556 1406 fere
575 1333 853 1434 magnitudinis.
872 1320 1027 1409 sinister
1041 1325 1123 1408 cor·
1213 1431 1216 1438 ῃ

117 1456 177 1528 dis
198 1454 427 1527 ventriculus
448 1454 707 1524 maximeerat
733 1450 926 1541 'dilatatus3
959 1454 1024 1526 sed
1051 1457 1122 1554 ipsi
1222 1505 1225 1512 -

118 1575 288 1673 apposita
312 1570 478 1642 auricula
494 1568 602 1640 valde
622 1583 813 1639 contracta
830 1581 867 1639 et
886 1574 1052 1667 strigosa.
1076 1576 1121 1644 In

120 1717 165 1764 eo
178 1689 389 1762 ventriculo
405 1701 442 1758 et
460 1688 500 1758 in
516 1685 670 1755 dextero
697 1685 848 1781 sanguis
871 1711 949 1756 non
968 1688 1121 1760 deerat:

119 1811 160 1878 in
181 1807 316 1878 arteria
331 1817 458 1875 autem
481 1802 697 1900 pulmonari
720 1802 862 1874 multus
885 1789 976 1892 iuit3
997 1801 1126 1902 neque

121 1949 168 1997 eo
183 1923 367 1994 carotides
381 1943 452 1993 nec
463 1919 655 2020 jugulares
677 1919 856 2006 carebant
874 1945 986 1994 venae.
1014 1926 1123 1994 Cere·

120 2043 234 2114 brum
252 2040 418 2137 denique
446 2049 483 2110 et
508 2036 738 2110 cerebellum
771 2023 956 2110 laxissime
987 2039 1123 2139 ‹lepre-

121 2158 348 2245 bendimus;
381 2156 552 2254 quamvis
584 2155 623 2224 in
653 2155 872 2227 ventriculis
906 2157 1001 2230 nihil
1029 2171 1124 2231 esset

118 2303 249 2376 aquae‚
271 2275 378 2372 cujus
408 2273 656 2372 pauxillulum
684 2264 822 2346 alicubi
850 2273 1028 2348 duntaxat
1053 2274 1124 2350 tuit

123 2395 196 2467 sub
218 2391 533 2489 tenuimeninge.
554 2391 675 2487 Hujus
700 2415 785 2462 vasa
808 2407 915 2464 erant
941 2395 1121 2493 sanguine

119 2509 323 2610 lurgidula.
339 2505 575 2581 Vertebrales
589 2509 731 2580 arteriae
749 2531 823 2606 qua
838 2512 1008 2582 cranium
1020 2514 1121 2586 subi-

119 2623 234 2718 bant‘,
260 2627 572 2726 paulorisaesunt
590 2633 870 2723 quamaequum
890 2645 985 2701 esset
1013 2631 1121 2702 latio—

118 2753 189 2818 re's.
206 2745 365 2841 Reliqua
390 2747 429 2814 in
447 2741 521 2814 boc
540 2742 718 2814 cadavere
739 2737 901 2819 a'meet
925 2747 971 2818 ab
993 2751 1121 2822 amicis

119 2860 408 2935 consecantibus
428 2859 604 2932 adnotata
622 2859 695 2931 alio
712 2863 913 2958 pertinent.

118 3013 125 3020 ·
177 3008 233 3052 22.
262 2983 434 3072 Quatuor
460 2978 660 3048 minimum
691 2995 950 3076 aneurysmata
973 2983 1019 3050 'in
1050 2983 1120 3054 bac

118 3095 278 3169 muliere
295 3094 468 3182 fuerunt,
490 3093 691 3165 ventriculi
708 3094 832 3168 cordis
857 3097 1015 3187 sinistri,
1030 3078 1120 3171 'ma-

116 3217 225 3288 ximae
241 3216 357 3314 partis
372 3225 504 3300 aortae,
523 3207 717 3282 subclaviae
738 3211 897 3284 dexterae
910 3231 946 3287 et
962 3204 1052 3289 huie
1070 3222 1120 3290 vi·

117 3335 214 3406 cinae
231 3329 424 3418 carotidis3
444 3344 486 3401 ut
498 3353 577 3400 uon
587 3327 702 3399 modo
718 3353 833 3402 causae
846 3351 1052 3431 appareant
1064 3341 1121 3410 eb*

118 3467 205 3522 rum
229 3442 599 3548 quibus'vexabatur
628 3447 781 3537 mulier,
810 3450 874 3522 sed
906 3457 1043 3525 mirum
1073 3455 1119 3528 sit

118 3590 199 3640 non
217 3565 390 3666 pluribus
404 3561 515 3636 finisse
533 3581 711 3636 vexatam.
737 3566 848 3656 Quod
876 3569 922 3639 ad
946 3573 1120 3646 carotidis

117 3708 342 3782 aueurysma
358 3683 513 3768 attinet,
532 3682 637 3779 quod
656 3709 720 3756 sua
744 3709 781 3756 se
807 3688 1061 3784 prominentia
1082 3708 1120 3762 et

117 3803 329 3902 pulsatione
348 3798 553 3899 prodebat,
572 3803 640 3874 atsi
667 3802 768 3876 ultro
795 3801 932 3893 fateor,
958 3831 979 3876 a
1002 3831 1119 3904 pecu-

116 3919 274 3993 liaribus
289 3919 427 4005 causis,
448 3941 508 3988 eas
528 3919 762 4014 potissimum
776 3924 934 3998 ¹arterias
953 3921 1118 3996 allicien-

118 4036 238 4123 tibus,
257 4035 445 4108 interdum
463 4036 562 4132 ipsas
578 4034 743 4126 dilatari3
769 4040 899 4137 saepius
915 4055 1044 4114 tamen
1063 4066 1119 4116 ea·

905 4168 971 4261 29*
