2958 4672
198 471 267 518 un.
295 469 336 518 11.
364 469 411 516 DE
437 467 573 518 MORBIS
598 467 796 534 montem,
820 470 931 518 EPIST.
957 473 1029 518 xxt.
1081 473 1126 547 97

128 584 255 661 titides
263 561 572 670 uehementiores,
587 607 673 679 quie
687 598 842 652 mortem
859 583 1031 656 inducere
1044 607 1131 656 con-

131 715 343 790 sueverunt,
362 725 400 776 ιιι
408 705 760 797 peripneumoniam
783 715 824 768 ut
843 701 1050 796 plurimum
1073 685 1133 772 de·

127 843 314 916 generare.
308 815 400 888 Sed
408 839 580 887 universe
592 816 949 888 asseveratmedrcus
962 833 1154 914 praestan-

130 938 293 1006 tissimus
306 929 524 1028 Trillerus(
531 930 580 1026 ),'
571 955 705 1002 mvera
715 932 933 1029 pleurmde
943 957 1020 1004 non
1025 935 1132 1032 plen

131 1050 342 1124 ramsolam
350 1051 465 1142 offici,
473 1048 755 1146 quodbactenus
763 1049 913 1145 quidem
922 1065 1055 1122 temere
1065 1077 1135 1125 ore

133 1167 251 1240 ditum
259 1195 272 1254 ;
285 1167 354 1238 sed
366 1173 485 1265 ipsam
498 1189 647 1262 quoque
654 1165 880 1262 pulmonum
891 1170 1134 1243 substantiam

131 1283 244 1358 simul
265 1286 450 1378 infistari,
479 1281 585 1380 quod
612 1287 740 1354 unicus
760 1282 952 1357 medicina
978 1287 1134 1375 ocellus,

133 1417 325 1490 anatome,
339 1399 468 1471 docuit
482 1397 780 1488 luculentissime,
799 1401 988 1474 etnullam
1003 1430 1135 1476 veram

127 1517 370 1618 pleuritidem
393 1531 544 1588 acutam
568 1521 646 1587 sine
658 1521 976 1615 peripneumonia
998 1534 1135 1618 agnos·-
1228 1519 1230 1524 ’

134 1636 193 1707 cit.
214 1635 405 1732 Denique,
432 1649 475 1706 ut
495 1631 586 1704 alios
606 1634 669 1704 hic
691 1635 877 1724 omittam,
900 1638 986 1709 satis
1006 1635 1137 1728 fuerit,

133 1753 387 1824 anatomicum
408 1751 752 1826 exercitatissimum
773 1753 963 1832 Hallerum
982 1755 1046 1852 (a)
1068 1783 1138 1828 ne·

134 1895 236 1968 gare,-
253 1868 323 1940 sibi
338 1893 504 1966 unquam
519 1875 639 1940 ursum
656 1868 777 1941 solam
790 1869 967 1968 pleuram
989 1875 1136 1969 inflam-

136 1992 301 2060 matione
319 2011 389 2069 sua
404 1987 592 2056 hominem
608 2011 765 2056 necasse.

183 2111 240 2193 [ιι.
258 2106 336 2176 Nec
348 2126 481 2176 vereor
489 2103 737 2174 interimdum
749 2104 787 2173 in
799 2108 1055 2178 controversia
1064 2105 1141 2180 hac·

135 2220 180 2292 de
195 2245 292 2292 verae
301 2219 510 2317 pleuritidis
520 2218 607 2290 sede
620 2217 762 2291 diutius
773 2219 914 2310 haereo,
929 2247 977 2294 ne
987 2238 1031 2294 tu
1039 2220 1137 2296 forta

137 2338 335 2436 empiricos
345 2338 524 2423 imitatus,
540 2334 769 2432 quibuscum
782 2338 951 2427 mollius
968 2341 1073 2437 quod
1090 2343 1138 2414 ad

136 2455 237 2526 illam
261 2455 411 2543 attinet,
434 2455 508 2552 egit
528 2453 691 2526 Galenus
711 2453 783 2550 (3),
804 2455 850 2526 de
872 2479 913 2528 re
934 2458 1058 2530 inutili
1079 2474 1139 2534 tot

135 2572 250 2646 verba
265 2597 287 2642 a
301 2596 362 2644 me
382 2570 465 2642 fieri
485 2570 685 2642 arbitreris.
708 2574 802 2642 Nam
824 2573 855 2644 si
871 2571 1072 2670 dogmatici
1093 2603 1142 2678 ea¹

136 2702 375 2787 tempestate,
393 2702 524 2791 contra
542 2686 773 2786 illosparum
785 2687 921 2758 idonea
934 2715 973 2760 se
987 2669 1136 2790 respon-

134 2811 238 2877 sione
252 2807 467 2892 tuebantur3
478 2819 515 2874 at
530 2806 668 2875 nostris
679 2804 913 2901 temporibus
927 2808 957 2878 si
972 2807 1134 2881 celeber-

134 2924 251 2996 rimos
268 2924 367 2994 inter
388 2919 620 3020 dogmaticos
637 2916 803 2992 medicos
822 2921 918 2996 duos
936 2924 1137 3002 consulue·.

132 3041 197 3130 ris,
211 3038 483 3112 Boerhaavium
506 3037 576 3134 (4),
603 3053 639 3109 et
661 3033 929 3110 Hoffmannum
953 3037 1027 3136 (5),
1054 3065 1133 3114 non
1206 3026 1208 3030 ¹

132 3153 238 3234 facile
257 3155 388 3232 credes
408 3155 540 3230 eadem
556 3157 759 3227 curationis
778 3155 993 3228 discrimina
1017 3161 1132 3256 empi-

202 3506 215 3585 )
236 3507 307 3565 vid.
324 3508 487 3566 Commerc.
503 3505 611 3577 litter,
622 3525 670 3562 an.
686 3512 777 3578 1741,
792 3501 880 3562 hebd.
895 3525 928 3577 ι,
943 3525 974 3563 ιι.
990 3525 1018 3586 a.

172 3603 216 3685 (a)
236 3609 347 3682 Opusc.
359 3603 492 3682 pathol„
505 3606 568 3663 obs.
584 3607 630 3663 13

169 3704 214 3785 (3)
234 3708 350 3765 Deloc
365 3707 450 3763 affl
465 3707 499 3777 3
514 3725 580 3762 c..a
932 3755 968 3774 ,⁴

171 3805 215 3884 (t)
235 3807 351 3883 Aphor.
360 3799 405 3866 de
417 3823 504 3884 cogn.
497 3817 546 3863 .et
558 3823 621 3862 cur.
640 3803 735 3860 morb.
751 3808 843 3874 turns
856 3803 914 3880 849
927 3817 955 3860 et
970 3823 1029 3878 seq.
1039 3845 1047 3874 ‚
1069 3815 1152 3862 tum*

130 3905 216 3978 §886
230 3915 335 3982 etseq
1116 3924 1120 3932 ’

170 4003 215 4084 (5)
235 4005 269 4066 C.
282 4003 385 4080 s,cit
376 4021 505 4084 supra,
518 4003 599 4060 adn.
615 4002 665 4073 ιθ,
683 4007 770 4072 §aet
783 4021 845 4080 seq

203 4103 237 4177 3·
962 4122 981 4194 ι
