2824 4668
178 481 246 526 ms.
274 481 315 526 tt.
343 477 390 532 nt
416 477 553 530 uoltus
578 477 776 542 effoetum,
802 480 914 532 urtsr.
936 485 1033 532 xxrv.
1063 465 1141 562 371'

128 595 320 668 distractio
336 595 396 668 vel
417 595 559 668 circum
578 591 771 690 undique,
788 593 848 668 vel
868 621 945 668 uno
963 599 1001 668 in
1021 600 1136 678 latere

128 711 223 816 lacta
242 729 308 790 est.
329 715 389 788 sic
406 712 564 811 epistola
580 715 702 786 XVIII
714 710 786 808 (1),
806 713 976 813 relegens
994 721 1076 814 quae
1096 722 1136 792 in

128 858 265 931 magna
279 831 474 927 cujusdam
490 827 635 906 feminae
650 832 784 904 arteria
798 831 998 930 descripsi,
1014 838 1138 912 sulcos

129 948 394 1047 hujuscemodi
409 949 447 1022 iu
468 947 746 1046 longitudinem
766 947 902 1020 ductos
920 955 1085 1050 reperies
1097 957 1137 1026 in

129 1069 195 1142 illa
211 1069 354 1153 arteriae
370 1081 476 1164 parte
497 1091 580 1164 quae
604 1064 778 1140 nondum
792 1067 1057 1142 erat-dilatata:
1075 1097 1139 1144 su·

129 1187 259 1286 perius
280 1201 406 1262 autem
433 1197 538 1262 certo
565 1183 651 1260 loco
672 1207 752 1256 non
772 1208 877 1257 secus
901 1189 996 1258 acsi
1022 1192 1141 1288 magis

131 1306 306 1380 distracta
317 1301 475 1390 fuisset,
493 1302 637 1376 arteriae
651 1299 766 1376 fibras
785 1303 882 1400 ipses
902 1307 1139 1402 apparuisse3

132 1449 209 1522 quo
231 1423 317 1498 loco
339 1422 519 1496 nimirum
541 1419 722 1496 credibile
743 1435 818 1506 est,
839 1418 1008 1494 futurum
1027 1423 1140 1498 fuisse
1195 1441 1199 1448 ·
1240 1467 1244 1477 v

131 1557 174 1615 ut
187 1542 226 1612 in
238 1541 335 1616 sacci
347 1537 507 1613 formam
523 1552 772 1625 excresceret,
792 1540 822 1608 si
836 1537 977 1613 diutius
990 1525 1142 1615 vixisset

132 1659 291 1736 mulier:
308 1657 474 1753 denique
497 1655 544 1728 ab
569 1678 615 1726 eo
634 1651 751 1726 ferme
765 1654 852 1726 loco
870 1655 916 1726 ad
938 1680 1004 1727 cor
1020 1683 1141 1756 usque

133 1777 277 1854 arteriae
297 1775 444 1849 tunicas
456 1774 532 1868 jam
550 1773 591 1844 in
610 1785 766 1844 ornnem
783 1787 929 1871 partem
951 1772 1062 1847 fuisse
1082 1801 1144 1847 ex·

134 1919 279 1995 pansas.
309 1897 387 1968 Nec
413 1915 504 1964 vero
532 1887 628 1964 illud
650 1889 791 1966 morari
815 1888 1011 1980 redebet,
1038 1894 1153 1990 quod.

135 2014 266 2113 pulsus
284 2013 324 2086 in
342 2034 385 2084 ea
402 2006 540 2082 femina
556 2007 701 2106 percipi
717 2031 795 2080 nou
807 2021 994 2104 poterant.
1012 2011 1145 2107 Neque

136 2133 238 2203 enim
260 2153 308 2202 an
328 2150 476 2224 semper
488 2127 539 2198 ita
553 2149 614 2200 res
632 2121 769 2198 fuisset.
785 2139 849 2198 aut
878 2140 974 2197 osset
998 2141 1146 2200 consta·

137 2247 202 2322 bat
219 2275 226 2316 :
247 2260 284 2322 et
303 2247 333 2320 si
347 2242 442 2318 forte
454 2241 745 2318 convulsionem
762 2243 799 2312 vi
815 2242 854 2316 id
870 2244 909 2314 in
921 2243 1145 2318 artubusac-

116 2409 120 2418 ·
140 2363 302 2452 ciceret,
322 2376 428 2438 tanto
446 2359 497 2436 oh
515 2359 555 2434 id
573 2361 705 2446 etiam,
726 2362 847 2456 major
866 2365 1058 2460 sanguinis
1077 2366 1146 2434 im·

138 2497 249 2581 petus
262 2482 302 2556 in
317 2495 430 2558 aortae
448 2480 567 2583 ipsius
583 2479 729 2551 tunicas
753 2502 832 2552 esse
853 2495 1019 2576 poterat,
1042 2483 1148 2579 quod

137 2601 269 2674 niistus
290 2613 385 2674 esset
404 2623 449 2672 ex
463 2595 628 2670 adaucto
646 2601 902 2692 impeturecto
920 2613 957 2669 ct
982 2601 1145 2695 replere,

138 2717 247 2792 sicuti
266 2715 314 2790 ab
336 2715 508 2812 Lancisio
528 2712 588 2809 (a)¹
606 2711 814 2788 indicatum
837 2729 902 2786 cst.
930 2716 1147 2814 Eademque

139 2859 240 2908 ame
262 2832 310 2906 de
330 2833 488 2909 muliere
504 2831 568 2904 illa
586 2830 701 2906 altere
726 2830 801 2904 dici
830 2831 994 2917 credito,
1016 2835 1079 2904 cui
1098 2837 1147 2904 si·

139 2952 276 3024 mulin
293 2950 545 3033 aortalin‘eas,
564 2950 723 3026 istorum
741 2947 932 3022 sulcorum
948 2973 1025 3018 non
1043 2948 1150 3020 dissi-

141 3070 268 3158 miles,
293 3069 406 3142 simul
423 3066 680 3144 subobscuros
697 3066 737 3138 in
756 3067 877 3162 carpis
899 3066 1032 3163 pulsus
1052 3069 1150 3164 epis-

142 3188 219 3260 tola
237 3188 421 3286 proposui
439 3189 563 3262 XXIII
581 3184 659 3281 (3):
679 3197 785 3260 tento
804 3198 927 3258 autem
953 3186 1071 3282 magis
1094 3210 1153 3255 ea*

143 3305 232 3380 dem
244 3305 341 3393 dici,
357 3304 464 3402 quod
479 3305 613 3401 ingens
628 3303 667 3372 in
688 3300 751 3376 illa
768 3301 981 3376 eratcordis
999 3303 1154 3400 palpita-

144 3425 198 3498 tio
210 3477 220 3511 ,
234 3447 410 3498 vasorum
427 3436 554 3496 autem
569 3421 608 3494 in
628 3419 728 3492 collo
746 3418 906 3516 pulsatio
925 3421 1043 3493 oculis
1063 3425 1153 3520 ipsis

145 3541 380 3613 occurrebat.
394 3541 532 3630 Quales
547 3553 672 3610 autern
691 3534 832 3608 fuerint
846 3538 979 3636 pulsus
999 3540 1038 3610 in
1054 3541 1152 3630 aliis,

185 3839 196 3896 (
202 3842 229 3917 1)
250 3842 289 3898 Ν.
309 3841 356 3904 34.

185 3939 230 4017 (a)
251 3941 342 4014 Oper.
352 3939 443 3995 modo
457 3937 506 3994 cit.
520 3953 641 4010 propos.
657 3935 705 3992 36.

188 4040 232 4118 (3)
253 4043 291 4099 N.
305 4040 333 4098 6,
373 4081 375 4086 -
