2820 4668
157 492 227 540 nm.
255 491 296 540 11.
323 489 372 538 nn
397 486 535 538 nonus
560 486 1019 551 rnonsc1s,nrrsr.xxv11.
1050 468 1122 565 557

112 606 414 693 lum,tormento
431 605 595 700 jactum,
615 603 654 674 in
670 603 821 675 sinistro
845 602 988 680 femore
1004 607 1121 680 inhae-
1225 616 1229 626 ¹

104 723 440 812 sisse·;·u·rethra·et
454 719 578 793 femur
589 721 706 792 incisa
722 735 821 793 suut.
833 726 880 794 Et
896 725 934 794 in
949 723 1016 795 -illa
1034 728 1120 824 quir
1191 725 1193 728 ’

106 839 195 911 dem
211 866 331 916 unum
349 854 419 912 aut
433 839 536 924 duo,
554 862 635 909 non
648 837 825 936 amplius,
842 862 974 912 eorum
987 842 1123 914 canali·

106 957 282 1030 culorum
299 954 441 1029 crificia
456 971 606 1055 reperta
628 970 741 1044 sunt,
752 980 849 1053 quos
862 959 901 1029 in
914 915 1122 1032 {Adversa-

104 1075 172 1148 riis
189 1075 247 1172 (t)
265 1073 384 1148 habes
400 1074 611 1172 descriptos
627 1087 665 1145 et
677 1076 813 1170 pictos.
832 1079 875 1144 In
892 1073 1035 1148 femore
1052 1103 1121 1150 au-

102 1208 182 1266 tem
207 1193 350 1265 circum
378 1193 483 1264 illum
511 1190 710 1290 globulum
735 1190 1002 1266 membraneus
1021 1191 1119 1266 folli-

104 1311 233 1398 culus,
250 1311 316 1408 qui
332 1325 433 1382 arcte
452 1312 577 1408 ipsum
593 1309 764 1407 undique
782 1311 1116 1409 complectebatur.

101 1429 170 1501 His
186 1429 237 1500 ita
258 1429 491 1526 conspectis,
518 1427 658 1524 placuit
678 1441 791 1498 aortae
807 1425 951 1500 ,bonam
972 1445 1119 1526 partem

102 1546 288 1634 eximere,
306 1559 350 1616 ut
362 1544 579 1643 diligentius
591 1557 719 1640 posset
734 1543 835 1615 intus
845 1558 1026 1641 extraque
1036 1571 1118 1644 per7

101 1663 265 1734 lustrari.
293 1661 685 1758 Animadversumque
706 1673 780 1748 est,
807 1663 1031 1744 exteriorem
1056 1681 1116 1736 tu·

102 1780 228 1852 nicam
247 1803 269 1850 a
289 1794 426 1852 trunco
445 1779 635 1876 ramisque
653 1775 829 1876 perfacile
845 1777 1013 1869 detrahi,
1034 1807 1115 1854 non

102 1921 210 1971 secus
234 1923 277 1969 ac
300 1899 331 1968 si
354 1896 420 1968 diu
441 1898 481 1968 in
504 1921 603 1995 aqua
627 1909 723 1968 esset
747 1912 944 1968 macerata.
967 1899 1022 1968 Ex
1042 1898 1115 1970 illis

103 2029 230 2088 autem
247 2013 496 2088 interioribus
512 2015 782 2114 prominentiis
798 2038 886 2085 cum
910 2007 1032 2111 major
1047 2016 1114 2088 ali-

103 2157 179 2230 qua
202 2131 455 2223 incideretur,
479 2133 582 2204 intus
606 2131 800 2229 quoddam
831 2155 985 2222 cavum,
1011 2148 1049 2206 et
1073 2135 1113 2222 in
1221 2191 1227 2204 .

102 2245 179 2322 hoc
193 2249 336 2348 aliquid
347 2250 590 2322 molliusculae
607 2251 770 2322 materiae
786 2250 904 2322 instar
913 2251 1113 2348 pulticulae,

104 2366 280 2439 ostendit.
293 2369 487 2440 Minorum
501 2383 627 2440 autem
642 2365 857 2466 complures
866 2382 1112 2466 posteaquam

103 2485 292 2556 exsiccata
309 2500 437 2574 erant,
456 2509 570 2558 osseae
587 2499 855 2584 apparuerunt.
1074 2573 1078 2582 Ι

152 2617 212 2698 α9.’
232 2605 373 2674 Eorum
402 2627 485 2700 quae
511 2617 597 2675 sunt
623 2604 663 2674 in
689 2605 883 2702 proposita
916 2601 1107 2694 historia,

101 2719 171 2790 alia
197 2718 269 2791 alio
295 2722 466 2794 attinent.
504 2725 549 2792 Et
580 2745 668 2794 sane
706 2721 817 2820 plura
852 2724 1110 2818 superioribus

98 2833 233 2909 litteris
251 2840 420 2936 exposita
434 2852 532 2910 sunt.
559 2839 620 2910 ld
632 2837 699 2910 has
713 2863 805 2911 vero
820 2838 858 2910 id
873 2840 1110 2934 potissimum

98 2973 270 3056 spectare
289 2957 411 3046 vides,
438 2957 545 3056 quod
562 2973 756 3057 postremo
773 2958 859 3032 loco
886 2957 1108 3042 adnotatum

101 3089 170 3147 est.
193 3075 341 3148 Scilicet
359 3076 451 3175 quid
470 3077 732 3174 prominentiae
751 3076 918 3148 minores
939 3079 1110 3150 contine-

100 3205 208 3279 rent,
225 3193 379 3288 majoris
393 3193 568 3266 dissectio
587 3191 786 3282 indicavit,
799 3193 838 3264 id
848 3197 1108 3276 estmateriam

99 3309 293 3409 pulticulae
323 3311 493 3384 similem.
520 3309 682 3402 Quando
708 3312 894 3409 igiturex
922 3311 1015 3402 hac,
1042 3313 1108 3386 ab·

100 3429 261 3526 sumptis
286 3451 355 3526 per
379 3431 666 3503 exsiccationem
688 3427 968 3502 humidioribus
992 3435 1107 3528 parti-

99 3544 212 3634 culis,
244 3569 286 3618 os
306 3569 385 3618 esse
410 3543 550 3620 factum
579 3547 769 3647 apparuit,
789 3545 909 3636 simul
921 3547 1107 3647 intelliges

99 3685 147 3734 ex
174 3663 281 3734 molli
308 3664 462 3736 materia
492 3665 642 3736 initium
676 3665 820 3763 cepisse
846 3665 1107 3740 concretiones

140 4033 186 4113 (ι)
207 4035 244 4092 Ν.
261 4047 335 4094 roet
348 4037 410 4094 tab.
425 4045 459 4107 l,
475 4036 524 4115 fig.
539 4047 567 4107 4.
