2800 4674
313 413 379 490 156
474 439 521 488 oa
547 438 694 489 samius
719 437 764 486 rr
790 435 915 486 causis
940 405 1153 486 morionum

309 553 425 626 semel
442 566 703 640 excreverant:
718 565 844 622 tamen
861 549 1018 622 secundi
1034 547 1195 620 cadaver
1209 547 1251 616 in
1262 569 1320 618 re·

310 695 359 742 ue
382 657 534 742 sinistro
559 693 735 764 magnam
758 674 950 766 sanguinis
967 671 1265 764 stagnationem,
1285 677 1320 734 et

313 791 352 856 in
367 791 517 882 regione
536 785 698 857 lumbari
711 811 808 858 vasa
823 786 1040 880 sanguifem
1049 780 1165 855 balde
1176 777 1320 852 tumida

314 917 352 973 et
367 905 501 998 inflata
516 901 739 990 ostendisse,
755 903 868 1000 primi
881 926 972 973 vero
985 900 1115 973 cadem
1129 923 1217 970 vasa
1233 921 1320 968 san·

311 1023 425 1116 gisiae
444 1019 560 1092 valde
585 1019 733 1116 turgida
761 1021 809 1114 in
825 1034 1000 1115 omento,
1024 1015 1262 1102 ventriculo,
1291 1026 1322 1084 et

314 1141 541 1206 mesenterio.
555 1141 754 1224 Caeterum,
767 1149 809 1207 ut
824 1136 914 1208 illuc
925 1135 1098 1224 redeam,
1113 1157 1203 1232 pus,
1217 1146 1259 1203 et
1271 1153 1319 1202 sa·

259 1314 265 1324 .
317 1252 398 1323 nies
410 1253 520 1324 aliam
533 1254 572 1324 in
585 1252 665 1326 aliis
676 1268 848 1324 naturam
859 1253 1222 1349 babent,aliumque
1233 1248 1324 1320 odor

316 1393 417 1459 rem,
435 1385 471 1442 et
488 1369 604 1442 modo
619 1395 808 1460 seorsum,
829 1371 945 1442 modo
960 1391 1035 1442 una
1054 1383 1142 1442 sunt
1159 1393 1250 1443 cum
1272 1368 1323 1438 in·

321 1487 881 1587 duratispulmonumpartibus.
891 1491 981 1580 Qum
991 1505 1070 1574 tum
1081 1487 1324 1586 expletisque

321 1605 570 1678 iudicatarum
590 1605 914 1694 observationum,
929 1623 1011 1680 tum
1033 1606 1152 1679 exbis
1173 1627 1325 1701 quoque

324 1723 530 1824 intelliges,
545 1749 636 1823 quas
651 1749 804 1824 pergam
819 1725 997 1798 indicare.
1013 1726 1072 1796 Sic
1085 1726 1124 1794 in
1134 1719 1327 1819 juvene(1)

322 1843 548 1940 'pulmonum
561 1867 649 1941 pars
663 1853 828 1916 concava
845 1869 939 1941 pure
953 1840 1149 1930 eratioeta,
1164 1865 1328 1913 convexa

323 1976 448 2034 autem
467 1959 584 2033 ferme
606 1976 685 2033 tota
702 1961 886 2061 tophacea
904 1987 911 2029 :
932 1961 1022 2032 etin
1037 1959 1183 2055 viro(2)
1198 1958 1326 2057 pulmo

324 2077 454 2151 dexter
468 2103 538 2179 pus
550 2079 727 2169 fluidum,
749 2081 897 2152 sinister
912 2080 1105 2150 materiam
1126 2077 1329 2176 quamdam

240 2232 242 2236 ·
325 2196 539 2268 induratam
552 2195 725 2270 babebat.
738 2202 879 2269 Etcum
894 2199 933 2268 in
944 2195 1174 2294 quibusdam
1186 2195 1243 2294 (3)
1253 2194 1329 2294 pul-

328 2337 462 2386 mones
480 2314 584 2412 pleni
598 2313 756 2386 skimhis
774 2296 1042 2414 cartilagineis,
1055 2331 1119 2386 aut
1132 2329 1329 2387 steatoma·

326 2431 428 2504 tibus
447 2431 552 2504 duris
568 2423 696 2520 obsiti,
711 2433 751 2503 in
779 2434 859 2507 aliis
877 2431 1005 2506 referti
1028 2435 1192 2531 exiguis,
1214 2457 1328 2532 puru-

208 2537 212 2544 ’
326 2551 437 2624 lentis
458 2551 694 2650 grandinosis
706 2553 938 2643 abcessibus,
958 2569 1022 2625 aut
1033 2555 1198 2642 vomica,
1217 2553 1331 2625 vomi-

203 2719 212 2736 .
329 2671 427 2743 cisve
441 2671 494 2769 (4)
510 2671 699 2772 deturpati
714 2675 855 2771 reperti
876 2675 968 2763 sint;
990 2671 1144 2744 fuerunt
1161 2671 1255 2744 alias
1278 2671 1332 2741 in·

330 2791 431 2861 venti
451 2790 562 2862 simul
585 2792 730 2891 callosi,
757 2807 794 2863 et
816 2793 1019 2890 compacti,
1042 2791 1152 2863 simul
1178 2792 1332 2862 vomicis

331 2910 468 3008 passim
482 2907 638 2998 obsessi,
657 2910 824 3006 itemque
837 2907 892 3006 (5)
909 2909 1060 3007 penitus
1074 2908 1281 2998 obstructi,
1301 2923 1333 2979 ct

332 3026 554 3122 exulcerati,
585 3041 649 3099 aut
670 3026 724 3125 (6)
748 3027 1030 3100 steatomatibus
1048 3027 1280 3115 innumeris,
1303 3039 1335 3096 et

372 3378 416 3456 (ι)
439 3381 603 3438 Commerc.
617 3381 706 3438 litter.
719 3401 768 3438 an.
785 3383 879 3454 1731,
895 3383 1015 3459 specim.
1032 3382 1087 3454 46,
1103 3403 1133 3437 n.
1151 3381 1179 3438 5.

375 3477 419 3555 (a)
438 3480 515 3552 Eph.
533 3482 571 3536 N.
585 3483 618 3538 C.
632 3493 709 3538 cent.
726 3483 760 3552 3,
777 3483 841 3539 obs.
860 3501 887 3540 a.

373 3579 418 3656 (3)
438 3578 508 3636 Vid.
523 3581 635 3640 Halleri
649 3583 697 3640 cit.
714 3583 777 3640 obs.
795 3583 840 3642 15.

375 3679 420 3757 (4)
441 3683 605 3739 Commerc.
618 3683 709 3738 litter.
725 3701 773 3739 an.
790 3683 875 3755 1743,
887 3680 978 3742 hebd.
993 3684 1041 3757 30,
1051 3703 1082 3742 n.
1099 3701 1150 3744 11.
1164 3694 1254 3743 etan.
1269 3677 1338 3753 ¹745

336 3780 426 3839 hebd.
441 3790 493 3854 24,
511 3803 540 3839 n.
559 3803 571 3838 1
588 3783 676 3839 adv.
733 3837 737 3845 ,

376 3880 419 3960 (5)
440 3885 507 3939 Act.
524 3885 563 3939 N.
580 3885 612 3941 C.
628 3893 701 3939 tom.
716 3902 750 3956 2,
767 3884 830 3941 obs.
845 3885 874 3942 8.

377 3981 421 4061 (6)
442 3983 583 4044 Eorumd.
598 3983 662 4043 dec.
681 3983 709 4056 3,
723 3986 759 4056 ᾼ.
771 4003 805 4062 9,
818 3986 882 4046 obs.
896 3987 963 4055 243.
