2820 4668
140 482 209 531 ara.
237 479 277 528 11.
306 479 353 527 us
379 475 515 527 uonars
540 449 740 537 ruoa'ams,
766 473 877 522 arusr.
902 475 1000 522 xxvi.
1029 451 1096 540 481

88 623 175 696 quae
201 593 388 693 superiori
412 591 577 663 historiae
599 587 848 684 subjecimus,
871 613 1102 662 commemo·

91 731 218 786 ratum
246 726 319 784 est·
337 711 430 797 His,
458 733 540 806 quae
563 708 604 776 in
628 731 717 776 sene
741 731 897 804 quoque
921 705 1103 799 fuerunt,

92 831 191 904 adde
221 807 384 927 aliquam
417 826 557 898 sinistri
582 823 708 895 cordis
743 825 945 897 ventriculi
971 826 1104 898 dilata·

90 949 266 1036 tionem,
284 946 392 1040 ,adde
411 942 662 1042 sigmoidum‚
687 956 724 1014 et
748 941 953 1018 mitralium
976 946 1107 1018 valvu-

90 1067 218 1141 larum
246 1061 531 1137 crassitudinem
560 1077 673 1159 atque
702 1059 899 1152 duritiem,
929 1064 1025 1136 adde
1047 1067 1106 1136 in-

68 1175 75 1276 Ἰ
90 1185 229 1284 primis
257 1177 542 1256 semilunarium
569 1179 708 1252 limbos
736 1195 844 1257 tanto
872 1183 1108 1273 crassiores,

89 1327 211 1400 quam
233 1325 383 1400 aequum
403 1316 502 1388 erat,
523 1315 560 1371 et
577 1297 768 1388 duriores3
790 1325 965 1398 quaeres,
980 1303 1108 1398 siquae

92 1419 201 1508 aliae,
227 1433 376 1491 motum
404 1418 530 1490 cordis
563 1419 835 1517 sanguinisque
869 1419 1069 1516 perturbat
1098 1476 1108 1506 ‚

91 1535 190 1609 dum
210 1536 302 1607 huic
321 1552 385 1606 aut
407 1537 555 1607 exituro
576 1559 614 1606 se
637 1551 865 1630 opponunt,
883 1553 1109 1634 motumque

15 1701 17 1722 t
95 1679 122 1726 a
151 1652 274 1724 corde
300 1667 497 1750 acceptum
529 1649 774 1748 infringunt,
803 1665 869 1721 aut
896 1652 1111 1741 relabenti,

15 1799 16 1842 1
91 1768 224 1848 tainus
243 1786 419 1868 prompte
432 1769 644 1867 explicatae,
658 1793 738 1840 non
750 1769 839 1844 satis
850 1793 888 1841 se
904 1768 1109 1864 objiciunt;

95 1913 170 1960 nec
195 1886 301 1960 facile
330 1887 441 1985 plura
475 1885 730 1976 desiderabis,
757 1902 800 1958 ut
829 1887 1016 1985 intelligas
1043 1889 1112 1986 qui

15 2041 17 2084 ι
96 2003 233 2094 fieret,
259 2021 302 2078 ut
323 2004 514 2101 retardato
538 2030 608 2102 per
634 2020 809 2092 aortam,
838 2005 1112 2102 sinistrumque

98 2123 353 2195 ventriculum
377 2123 571 2220 sanguinis
596 2135 724 2211 motu,
745 2123 776 2194 is
800 2123 840 2192 in
865 2120 1112 2219 pulmonibus

98 2239 336 2329 subsistenS,
362 2238 531 2338 spirandi
556 2229 708 2312 afferret
732 2235 1021 2328 difficultatem,
1048 2255 1113 2311 aut

15 2399 17 2408 ‹
97 2357 168 2452 qui
198 2357 364 2454 denique
395 2354 534 2428 factum
560 2360 632 2447 sit,
658 2372 701 2428 ut
731 2357 829 2428 vitiis
857 2357 930 2429 illis
955 2359 1000 2427 in
1032 2356 1111 2430 dies

97 2472 375 2564 crescentibus,
397 2501 443 2547 eo
460 2457 615 2547 demum
632 2501 692 2548 res
709 2473 959 2574 processerit,
976 2489 1020 2548 ut
1034 2501 1113 2548 san·

97 2592 207 2688 guis,
225 2595 431 2689 praesertim
453 2610 585 2666 auctus
604 2617 645 2666 ea
664 2593 838 2664 humoris
856 2595 986 2691 eopia,
1008 2619 1112 2691 quae,

17 2792 20 2798 ,
96 2692 171 2780 nisi
199 2705 358 2807 frigidus
383 2725 518 2784 ventus
548 2711 781 2798 obstitisset,
810 2736 879 2808 per
908 2711 1110 2782 invisibilia

15 2881 17 2890 .
98 2827 272 2924 corporis
295 2825 480 2898 foramina
507 2844 586 2900 erat
612 2831 776 2916 exitura,
795 2829 1014 2925 promoveri
1032 2853 1110 2898 am-

15 2999 19 3038 ,
95 2943 197 3042 plius
214 2938 486 3042 nou'potuerit.
505 2947 583 3014 Nec
598 2961 634 3016 te
651 2944 746 3015 illud
761 2947 802 3014 in
816 2942 885 3014 hac
905 2959 970 3014 aut
996 2968 1109 3042 supe-

15 3137 16 3146 ,
95 3062 199 3133 riore
222 3061 485 3134 observatione
503 3062 711 3160 plurimum
727 3075 895 3149 moveat,
909 3059 1015 3158 quod
1031 3085 1110 3133 non

15 3271 16 3276 ἵ
94 3179 144 3250 iis
175 3175 409 3277 inpartibus
436 3179 714 3250 accumulatum
742 3181 1000 3251 invenerimus
1027 3201 1111 3252 san-

15 3369 17 3382 ,
96 3298 255 3396 guinem
282 3298 321 3367 in
341 3298 481 3396 quibus
498 3296 728 3368 retardatum
747 3321 826 3368 esse
850 3297 1023 3370 diximus.
1044 3299 1128 3370 Ni..

95 3413 155 3484 hil
177 3415 279 3486 enim
306 3413 449 3486 facilius
469 3415 628 3503 accidit,
655 3438 770 3512 quam
797 3429 858 3500 ut,
888 3421 979 3484 dum
1002 3413 1116 3487 cada&

15 3605 16 3616 ,
94 3555 188 3604 vera
205 3533 243 3604 in
261 3557 413 3604 omnem
434 3548 578 3630 partem
598 3551 797 3604 versantur
815 3587 825 3617 ,
843 3535 880 3604 et
894 3533 934 3602 in
953 3532 1110 3606 transfe-

94 3649 244 3736 rend0,
264 3675 332 3748 per
352 3650 467 3722 scalas
485 3652 747 3748 potissimum,
767 3649 883 3721 modo
906 3652 947 3720 in
966 3651 1109 3748 pedes,
1142 3699 1146 3706 ·

95 3767 217 3863 modo
236 3769 276 3838 in
290 3783 403 3867 caput
416 3769 664 3856 inclinantur,
681 3770 831 3865 sanguis
855 3765 994 3838 fluidus
1020 3793 1111 3866 prae·
1141 3773 1144 3778 ’

15 3947 16 3952 ,
98 3888 255 3976 sertim,
275 3889 375 3960 utin
402 3885 460 3958 his
486 3902 589 3974 erat,
612 3909 749 3984 magna
773 3910 818 3954 ex
845 3901 952 3982 parte
981 3886 1109 3957 locum

98 3991 248 4078 mutet:
276 4005 454 4103 idemque
480 4001 568 4094 liat,
588 4005 680 4076 dum
706 4005 848 4077 viscera
873 4006 1111 4097 eximuntur,

176 4123 209 4195 3.
505 4132 507 4137 '
892 4120 932 4193 31
