2850 4668
312 467 359 549 14
473 485 520 532 nc
546 459 692 534 scornc's
715 481 761 532 rr
785 479 909 534 clusis
934 485 1145 536 nonronoir

359 625 412 672 ια.
441 601 508 672 llic
527 601 681 669 minime
699 599 843 672 ‘dubito
869 603 962 699 quin
983 601 1060 674 duo
1079 609 1242 700 quaero's,
1260 607 1315 679 al-

303 737 427 792 terum
439 773 448 807 ,
460 742 533 816 qua
545 720 690 790 ratione
703 719 873 792 Valsalva
886 741 965 795 rem
979 721 1210 819 explicaret?
1226 724 1315 804 altc-

303 865 404 928 rum,
416 837 556 936 quibus
571 839 688 936 signis
700 833 810 909 fuerit
823 838 870 909 a‘d
880 837 1202 937 dignoscendum,
1220 868 1315 941 prae·

210 957 212 963 ’
302 957 581 1054 dicendumque
599 957 822 1053 permotus?
839 957 951 1047 Quod
972 957 1206 1056 adlprimum
1229 964 1313 1034 atti-

238 1105 239 1112 *
302 1090 382 1161 net,
396 1075 548 1144 miranti
558 1073 667 1162 mihi,
682 1076 746 1170 qui
758 1073 838 1144 fieri
855 1089 1000 1172 posset,
1016 1091 1059 1146 ut
1071 1075 1219 1150 infarcti
1230 1079 1313 1177 pul·

300 1193 426 1264 monis
442 1191 594 1290 pondus
606 1193 761 1262 minime
772 1186 993 1279 {entiretun
1007 1191 1105 1266 nihil
1118 1196 1220 1268 aliud
1233 1221 1312 1272 me-

298 1312 394 1382 mini
408 1309 666 1408 respondisse,
679 1311 751 1382 nisi
770 1310 808 1382 id
825 1310 930 1408 quod
951 1311 1121 1384 similiter
1132 1315 1311 1406 mirarer,

300 1453 438 1528 nempe
452 1432 546 1500 scire
560 1429 851 1527 se,plumbeum
869 1430 1023 1529 globum
1038 1431 1132 1504 duas
1145 1433 1314 1532 penden-

297 1565 374 1622 tem
391 1551 539 1639 uncias,
551 1545 689 1625 bellico
706 1549 958 1620 instrumento
983 1552 1087 1648 quod
1108 1551 1311 1629 moschetto

298 1669 528 1755 vocitamus,
541 1666 764 1762 ejaculatum
778 1721 787 1756 ,
807 1669 846 1736 in
860 1667 1043 1764 pulmone
1059 1668 1208 1748 haesisse
1220 1725 1229 1759 ,
1243 1697 1312 1748 ne-

209 1785 212 1790 ’
298 1809 373 1883 que
387 1785 568 1884 ponderis
584 1809 733 1856 sensum
749 1783 889 1856 secisse.
909 1789 971 1856 De
983 1787 1097 1886 signis
1115 1801 1243 1863 autom
1263 1789 1322 1872 il-,

296 1903 358 1994 lis,
368 1893 462 1974 utin
473 1902 631 1975 historia
642 1929 725 2000 quae
738 1903 911 1986 aberant,
923 1907 1149 1995 memorien,
1161 1907 1209 1978 lte
1223 1931 1309 2005 quoe

295 2019 468 2108 adorant,
487 2027 572 2090 'non
592 2022 800 2092 omissuros
815 2045 938 2110 eram,
957 2023 988 2094 si
1007 2023 1176 2094 Valsalva
1205 2025 1309 2122 pari·

295 2148 354 2210 ter
373 2139 605 2210 narravisset.
625 2142 767 2216 Verum
786 2163 872 2208 cum
891 2139 1016 2211 sileret
1032 2141 1132 2238 ipse,
1150 2165 1220 2242 ego
1241 2167 1308 2213 au-

296 2269 372 2326 tem
388 2279 456 2352 per
475 2279 513 2326 se
529 2255 717 2326 editurum
735 2279 947 2352 sperarem
966 2259 1071 2333 nolui
1088 2273 1179 2330 tunc
1196 2261 1307 2331 itera-

294 2372 341 2444 tis
354 2363 714 2470 interrogationibus
726 2373 968 2471 importunus
983 2375 1111 2448 videri.
1130 2381 1310 2459 Caeusta·

295 2513 384 2562 men
398 2487 500 2578 fecit,
516 2506 559 2562 ut
571 2515 652 2588 quae
663 2491 726 2562 illa
741 2489 896 2581 luerint,
918 2494 1107 2591 conjicere
1121 2518 1183 2564 me
1194 2517 1306 2592 posse

294 2609 444 2680 credam
455 2635 500 2681 er
516 2609 560 2680 iis
578 2633 661 2706 quae
681 2609 742 2680 hic
757 2635 859 2682 anno
879 2613 982 2710 1730,
1001 2615 1040 2694 io
1056 2611 1304 2686 celeberrimo

199 2819 205 2832 .
292 2725 506 2826 professore
514 2729 924 2819 AntonioVallisnerio,
935 2729 1304 2828 qoemeodemm‘or·
1392 2774 1394 2778 -

291 2845 332 2916 bi
348 2870 484 2943 genere
498 2844 608 2924 nobis
621 2861 792 2944 ereptum
816 2847 928 2922 luisse
951 2875 1108 2937 censeo,
1125 2867 1204 2920 non
1221 2849 1303 2941 sino
1348 2857 1349 2860 ’

292 2987 430 3060 magno
449 2964 565 3037 animi
581 2963 721 3036 dolore*
730 2965 915 3042 adnotavi.
1030 3054 1034 3059 ⁵

348 3083 401 3153 13.
411 3083 525 3154 lnilla
541 3084 748 3181 epidemico
764 3085 1025 3163 catarrhalium
1041 3081 1203 3155 febrium
1216 3107 1301 3154 oon·

290 3202 503 3291 stitutione,
528 3225 640 3298 quam
661 3204 820 3300 epistola
838 3203 906 3274 tihi
923 3202 1105 3300 descripsi
1122 3205 1208 3270 xltl
1223 3202 1299 3299 (1),

290 3320 484 3390 communi
498 3319 634 3391 morbo
648 3320 858 3418 prehensus
872 3337 927 3391 est
940 3319 1060 3418 pridie
1074 3320 1158 3392 idus
1167 3321 1300 3416 j‘anua-

288 3437 377 3526 rias,
398 3435 474 3508 fere
497 3437 675 3508 omnibus
701 3439 773 3508 levi
793 3452 830 3508 et
848 3438 1007 3526 salubri,
1019 3439 1096 3540 ,ipsi
1114 3461 1204 3508 vero
1223 3437 1298 3508 levi

286 3557 429 3652 pariter
442 3557 482 3624 in
503 3556 686 3654 speeiem,
704 3554 769 3626 sed
786 3555 935 3644 lethali,
957 3558 1033 3627 sive
1056 3555 1160 3652 quod
1180 3554 1298 3626 lexic·

285 3673 390 3746 ribus
406 3688 502 3745 esset
516 3671 776 3772 pulmonibus,
791 3675 866 3746 sive
879 3673 985 3772 quod
994 3675 1132 3745 viscitla
1142 3673 1298 3748 materia

325 4041 428 4118 (1)N·
452 4047 479 4106 l·
