2808 4664
280 453 350 528 260
450 473 497 520 nr
523 461 670 518 sentens
695 467 740 512 nr
765 461 890 512 causis
915 461 1127 513 notrorum

278 591 420 660 obiisse.
450 582 565 675 Quod
595 605 686 652 vero
715 580 755 648 in
784 580 908 649 exciso
935 577 1110 649 Leonidae
1130 577 1251 650 eorde
1276 603 1297 650 a

276 709 399 778 Xerxe
423 714 671 798 conspectum
693 710 821 766 narrat
835 694 1058 768 Plutarchus
1071 695 1145 791 (r),
1165 697 1298 767 Aristi-

276 824 362 895 dem
377 821 443 918 qui
458 819 503 891 de
514 816 627 888 rebus
639 813 796 884 Persicis
812 812 980 908 scripsit,
993 827 1162 900 secutus,
1177 811 1297 883 abar-

221 971 223 986 ·
273 941 367 1014 baro
381 935 555 1036 quidem,
574 947 611 1003 et
628 930 783 1000 inimico
802 952 889 1026 rege
911 927 951 998 id
969 925 1051 999 fieri
1070 929 1215 1026 potuit;
1230 928 1296 1001 sed

276 1061 316 1130 in
330 1057 412 1126 viro
431 1054 477 1124 ad
500 1063 709 1122 extremum
729 1069 850 1142 usque
875 1043 1075 1118 fortissime
1098 1061 1296 1144 pugnante

277 1201 358 1246 non
391 1171 477 1244 satis
498 1165 698 1239 verisimile
719 1178 789 1251 est,
810 1185 877 1234 cor
896 1162 1061 1234 morbidi
1082 1164 1296 1262 quidquam

279 1289 466 1394 habuisse.
483 1285 665 1380 Idemque
684 1306 705 1352 a
725 1305 785 1352 me
803 1280 897 1369 dici,
910 1280 1058 1352 credito
1070 1335 1080 1368 ,
1094 1280 1142 1352 de
1157 1286 1298 1378 Lysan-

280 1409 368 1496 dro,
389 1407 456 1504 qui
479 1403 684 1475 exercitum
705 1398 871 1487 ducens,
891 1397 962 1470 sub
986 1397 1141 1494 Haliarti
1161 1401 1297 1470 moeni·

278 1529 351 1600 bus
369 1531 407 1596 in
429 1546 565 1622 pugna
586 1516 718 1589 cecidit
730 1515 796 1614 (a).
813 1520 991 1588 Potuerat
1006 1540 1096 1588 sane
1113 1516 1163 1588 ab
1183 1519 1296 1589 iuter-

280 1642 486 1718 fectoribus
495 1637 702 1724 Thebanis,
716 1649 753 1706 ct
766 1633 1079 1721 Atheniensibus,
1090 1635 1157 1731 qui
1170 1636 1297 1732 ipsum

279 1762 524 1836 vehementer
536 1755 716 1840 oderant,
733 1753 875 1823 mortui
885 1754 1209 1850 corpusdiscerpi.
1224 1754 1295 1826 Sed

281 1881 355 1952 hoc
377 1876 514 1950 factum
532 1897 657 1970 neque
675 1871 891 1959 Pausanias,
908 1895 1033 1966 neque
1051 1871 1093 1940 in
1111 1870 1295 1968 Lysandri

281 2002 355 2071 vita
363 1992 585 2069 Plutarchus
597 2045 606 2080 ,
617 1989 683 2086 qui
693 1987 885 2060 redditum
902 1987 1199 2060 Lactedemoniis
1212 2015 1295 2061 cor·

283 2142 356 2218 pus
383 2113 552 2211 scripsit,
576 2109 655 2180 ullo
682 2105 798 2178 modo
826 2105 1005 2196 indicant.
1038 2109 1164 2195 Unus,
1191 2107 1296 2206 quod

283 2237 415 2320 sciam,
433 2242 617 2301 memorat
636 2227 676 2296 in
694 2223 908 2322 Lysandr0,
927 2226 1017 2294 etin
1034 2224 1294 2296 canehlexan-

284 2352 344 2422 dri
361 2345 575 2418 Eustathius
602 2341 702 2440 apud
730 2340 881 2412 Caelium
906 2340 1134 2438 Rodiginum
1153 2340 1233 2438 (3),
1255 2366 1295 2412 ex

285 2466 422 2539 Graecis
443 2461 644 2532 addentem
664 2460 703 2528 in
724 2463 963 2555 Hermogene
987 2483 1142 2555 quoque
1168 2458 1295 2530 rheto-

284 2586 370 2656 ricae
388 2580 477 2652 artis
495 2579 687 2674 scriptore.
704 2573 782 2648 Sed.
793 2589 835 2646 ut
849 2599 981 2646 canem
996 2575 1103 2646 illum
1119 2575 1296 2648 dissecari

285 2702 449 2803 potuisse
479 2695 615 2784 fateor3
651 2696 701 2764 sic
730 2692 922 2792 rbetprem
946 2691 1049 2763 hunc
1082 2718 1163 2764 uon
1191 2691 1296 2764 facile

285 2817 524 2900 crediderim,
537 2813 678 2910 quippe
690 2824 883 2882 mortuum
896 2810 939 2880 iis
954 2809 1207 2908 temporibus,
1216 2810 1294 2908 qui·

284 2938 356 3010 bus
375 2934 575 3006 hominum
593 2952 753 3026 corpora
773 2926 956 2998 dissecare
968 2926 1030 3000 'fas
1047 2952 1127 3000 non
1142 2942 1239 3016 erat,
1260 2943 1295 2998 et

258 3051 261 3056 ’
286 3055 431 3128 obeam
446 3054 485 3122 in
499 3073 613 3146 quam
625 3071 670 3118 ex
682 3047 866 3126 acerrimo
876 3044 1033 3140 juvenili
1046 3047 1203 3145 ingenio
1217 3045 1294 3116 diu·

285 3191 436 3247 turnam
454 3166 637 3244 inciderat
663 3164 800 3236 mentis
825 3161 1096 3236 hebetudinem
1114 3163 1189 3261 (Δ),
1214 3189 1294 3234 om-

286 3293 390 3362 nium
401 3287 527 3384 potius
537 3282 792 3368 miseratione,
811 3305 924 3377 quam
934 3279 1046 3353 ullius
1065 3282 1194 3378 hostili
1207 3281 1295 3352 odio

288 3423 325 3480 et
341 3404 443 3476 rabie
459 3403 634 3498 dignum,
653 3425 674 3469 a
692 3423 787 3496 qua,
806 3413 848 3469 ut
858 3399 1077 3511 superiores
1093 3400 1147 3470 illi
1164 3413 1293 3498 potue·

391 3821 461 3878 Vid.
479 3821 603 3874 Pausan.
617 3832 700 3889 oper.
719 3814 769 3906 cit3
780 3815 801 3871 1.
818 3816 903 3873 3et1.
918 3833 946 3889 9.

391 3926 473 3978 Lect.
488 3917 580 3990 antiq.
595 3917 616 3970 l.
632 3921 666 3986 4,
682 3933 707 3971 c.
723 3914 769 3971 ιδ.
