2824 4668
261 509 333 582 326
428 531 475 577 uu
504 531 653 578 supinus
676 529 720 576 nr
746 526 869 578 ctusm
894 527 1105 581 ttonmuu

260 650 391 732 tincta,
416 641 634 715 inferiorem
658 643 812 740 quidem
842 660 988 742 partem
1019 646 1175 720 rubram
1204 647 1274 722 ha-

259 765 367 854 bere,
386 763 619 861 superiorem
647 777 770 834 autem
796 762 920 833 albam
940 795 957 829 a
975 765 1090 836 modo
1112 766 1275 840 cadaver

259 913 276 949 n
303 881 481 979 frigidum
505 879 643 960 factum
666 881 712 952 sit
734 881 773 951 in
792 881 866 952 situ
889 880 1134 972 horizontali,
1161 885 1273 958 sicuti
1332 961 1336 970 ,

259 1031 277 1066 »
303 1000 528 1099 plerumque
548 997 778 1096 contingit.»
1261 1017 1268 1030 ·

311 1143 367 1218 27.
384 1123 523 1188 Verum
544 1117 612 1188 etsi
630 1115 708 1186 haec
728 1115 776 1187 de
796 1115 1024 1214 polyporum
1041 1119 1218 1207 materia,
1238 1135 1276 1191 et

261 1251 448 1332 structura
466 1233 560 1303 adeo
574 1234 674 1305 illius
694 1233 802 1304 simili
822 1257 904 1330 qnae
918 1235 957 1303 in
976 1249 1100 1306 crusta
1121 1239 1276 1334 sangni-

262 1355 323 1425 nis
348 1351 584 1439 observatur,
606 1366 642 1422 et
661 1351 707 1421 de
725 1365 856 1422 crustae
876 1353 914 1422 in
938 1354 1136 1450 superiore
1166 1367 1275 1451 parte

261 1471 504 1568 quiescentis,
523 1484 560 1540 et
581 1463 763 1565 frigefacti
784 1470 977 1566 sanguinis
994 1469 1168 1576 quondm
1184 1493 1275 1568 pno-

262 1587 469 1686 pemodum
490 1589 567 1658 visa
587 1585 869 1674 ellormatione,
888 1587 957 1658 etsi
973 1586 1070 1672 hec,
1092 1588 1274 1684 inquam,

259 1722 301 1778 ut
322 1722 428 1778 erant
452 1706 663 1792 notissima,
683 1706 733 1776 ita
758 1706 913 1800 injicere
939 1704 1096 1776 medicis
1123 1703 1275 1778 dubita·

258 1826 402 1895 tionem
419 1821 628 1912 debebant,
646 1844 738 1894 num
760 1823 891 1920 polypi
909 1821 976 1894 diu
992 1837 1079 1893 ante
1094 1838 1273 1912 mortem,

259 1965 306 2013 an
325 1943 452 2039 potius
479 1958 565 2039 post
586 1956 747 2012 mortem
775 1939 1045 2029 coalescerent,
1063 1943 1272 2040 praesertim

260 2085 305 2132 ex
330 2081 407 2156 quo
435 2058 737 2130 observationem
751 2057 877 2128 modo
903 2074 1151 2128 memoratam
1171 2059 1273 2156 lege

166 2185 172 2194 '
213 2221 215 2228 ·
259 2177 398 2262 r'ant,a
417 2177 538 2248 Petito
552 2174 838 2248 incadaveribus
850 2175 1187 2263 habitam3tameu
1202 2177 1272 2248 nisi

260 2294 461 2379 existebat,
480 2309 671 2366 crescente
686 2295 724 2364 in
737 2293 819 2368 dies
827 2293 941 2364 nimia
954 2293 1022 2364 ista
1037 2292 1084 2364 de
1099 2297 1274 2390 praenuis*

257 2425 360 2481 tento
377 2411 518 2508 polypo
543 2413 808 2510 persuasione,
826 2413 918 2499 nisi,
938 2412 1113 2508 inquunt,
1135 2413 1274 2483 existo-

258 2526 343 2614 bat,
369 2529 400 2600 is
424 2553 536 2626 quem
563 2530 675 2627 paolo
700 2543 786 2602 ante
815 2529 1070 2616 laudavimus,
1099 2529 1272 2602 nnuma

258 2647 381 2734 Pasta,
397 2647 464 2742 qui
480 2645 610 2718 tollere
621 2662 755 2718 eontra
875 2737 891 2772 .

337 2845 394 2898 Est
406 2845 506 2898 oculos
520 2862 622 2911 ausus,
634 2843 807 2918 primusque
823 2840 960 2896 obstitere
972 2823 1148 2916 contra(1];

258 3020 432 3116 equidem
453 3021 535 3118 qui,
554 3035 619 3091 aut
638 3017 793 3116 quando
818 3017 905 3090 finis
919 3076 921 3082 ,
933 3015 1034 3116 apu'd
1063 3015 1269 3116 plerosque

256 3134 404 3208 futurus
433 3136 577 3220 luisset,
606 3137 709 3208 hand
730 3137 815 3209 satis
841 3138 928 3208 scio.
961 3137 1109 3208 Primus
1139 3149 1266 3206 autem

257 3251 348 3336 dixi,
365 3253 456 3350 'quia
473 3254 744 3353 Keroltringius
767 3253 837 3352 (2)
862 3239 980 3352 magis
1003 3253 1266 3324 universarum

257 3371 451 3464 sanguinis
475 3373 656 3468 partium,
681 3395 795 3469 quam
825 3371 996 3442 albarum
1025 3369 1266 3468 potissimum

256 3488 567 3572 concretionem,
579 3489 615 3558 id
636 3506 690 3561 est
707 3489 909 3588 polypum,
930 3487 1184 3585 impugnavit,
1201 3501 1267 3557 aut

256 3603 286 3675 si
311 3603 414 3674 hunc
436 3605 688 3704 impugnavit,
706 3623 783 3678 tam
803 3605 910 3677 molli
926 3603 1084 3677 brachio
1102 3603 1139 3674 id
1159 3601 1266 3693 lecit,

293 3972 337 4048 (1)
358 3977 477 4032 Lucret
490 3978 527 4033 de
539 3998 597 4034 rer.
611 3989 673 4034 nnt.
691 3979 710 4033 l.
725 4000 758 4052 1,
770 4001 801 4038 v.
812 3981 861 4052 67.

292 4066 338 4146 (z)
360 4075 498 4154 Spicileg.
514 4090 592 4134 anot.
607 4078 671 4134 obt.
685 4080 733 4151 73.
