2800 4674
316 459 381 529 108
476 483 522 528 ua
548 477 694 526 sumnus
718 477 762 530 aa
788 477 911 526 causls
937 477 1146 527 noaaoauat

313 592 499 668 facturum
517 607 631 692 esset,
646 591 837 686 ejiciente,
856 591 930 662 sive
946 593 1056 663 etiam
1072 617 1168 692 aqua
1189 587 1328 664 eadem

317 713 422 810 quasi
446 708 604 779 antidoti
630 710 747 779 instar
771 733 856 780 cum
879 711 1135 798 Quercetauo,
1163 710 1327 806 aliisque

317 841 497 927 spectata,
516 825 691 896 morbum
721 826 824 896 hunc
848 827 964 898 mavis
988 825 1153 924 pestiferi
1177 827 1327 925 aliquid

282 973 285 980 ·
316 943 619 1040 habuisse,quod
629 967 772 1014 vermes
786 945 1060 1014 comitarentur
1070 945 1196 1041 potius
1207 969 1327 1041 quam

318 1057 498 1148 facerent,
516 1083 602 1132 nam
619 1071 655 1131 'et
667 1061 882 1159 pestilentes
899 1061 1117 1158 pleuritides
1130 1062 1328 1132 interdum

320 1176 520 1248 observatae
543 1193 647 1265 sunt,
672 1203 747 1274 quo
771 1177 841 1248 illae
863 1179 962 1277 apud
987 1179 1198 1250 Ballonium
1216 1179 1328 1276 (1)in

320 1294 593 1382 adnotationel,
602 1292 817 1366 referuntur
826 1321 907 1393 quae
921 1295 966 1368 ab
978 1320 1023 1367 eo
1034 1311 1119 1368 sunt
1132 1296 1328 1394 descriptae

320 1412 427 1482 initio
443 1413 719 1484 constitutionis
735 1436 857 1486 vernae
872 1417 962 1484 anni
984 1411 1070 1511 1571
1096 1414 1264 1511 pressius
1285 1415 1327 1482 in

320 1530 565 1628 Sepulchreto
578 1529 631 1628 (2)
648 1547 967 1620 commemoratae3
993 1531 1087 1602 illud
1103 1546 1253 1602 certum
1269 1545 1327 1602 est

322 1674 409 1720 cum
419 1648 640 1737 multorum,
654 1675 750 1747 quos
764 1649 975 1748 descriptus
989 1648 1147 1720 morbus
1161 1648 1328 1720 abstule-

321 1781 395 1855 rat,
417 1766 594 1839 cadavera
608 1783 688 1838 tum
700 1769 880 1857 Farnesii,
898 1783 977 1840 tum
993 1765 1032 1838 in
1052 1767 1235 1866 proximis
1257 1791 1327 1864 op·

321 1884 460 1982 pidulis
473 1901 703 1975 secarentur,
718 1887 859 1958 viscera
874 1886 1028 1984 quidem
1038 1885 1179 1955 ventris
1194 1885 1234 1954 in
1246 1882 1330 1955 aliis

323 2001 446 2087 aliter,
473 2005 514 2072 ut'
537 2003 699 2098 propriae
725 2001 960 2099 singulorum
988 1999 1204 2072 affectiones
1232 1997 1330 2074 fere-

323 2115 434 2203 bant,
453 2119 654 2188 constituta
676 2119 911 2214 apparuisse,
929 2115 1118 2189 skirrhosa
1136 2116 1330 2205 videlicet,

322 2232 529 2320 obstructa,
549 2247 613 2303 aut
642 2233 712 2303 alia
737 2235 881 2304 ratione
906 2234 1001 2305 male
1028 2233 1224 2320 habentia,
1251 2258 1331 2330 prae

323 2350 463 2420 caeteris
475 2347 599 2420 aute'm
611 2348 716 2421 valde
726 2347 899 2421 affectum
912 2349 1178 2438 ventriculum,
1191 2365 1227 2421 et
1236 2365 1331 2446 tym-

324 2465 531 2563 paniticum
556 2468 597 2536 in
620 2467 795 2555 modum,
823 2467 1010 2557 inflatum,
1037 2467 1263 2570 putridaque
1292 2482 1331 2538 et

325 2578 555 2679 graveolenti
566 2583 771 2655 humorum
787 2584 941 2656 saburra
954 2600 1149 2674 onustum;
1163 2584 1226 2656 sed
1240 2609 1333 2681 prae

326 2701 474 2796 cipuam
486 2701 673 2772 laesionem
685 2703 724 2772 in
735 2701 1016 2799 omnibusintra
1027 2701 1231 2800 penetralia
1242 2700 1334 2772 tho-

324 2818 436 2905 racis,
456 2814 532 2888 fere
546 2817 715 2890 eamdem
729 2845 771 2890 ac
781 2845 863 2917 quae
883 2833 1083 2918 propterea
1099 2844 1144 2890 ex
1158 2844 1234 2889 uno
1247 2834 1333 2890 tan-

324 2949 405 3004 tum
427 2933 639 3031 subjicitur,
658 2936 932 3036 deprehensam
952 2961 1041 3008 esse.
1150 2947 1153 2952 '

377 3049 435 3139 45,
451 3053 532 3124 Viri
545 3078 659 3149 quem
677 3053 792 3125 modo
812 3037 996 3153 propositi
1015 3051 1139 3126 morbi
1156 3053 1212 3124 vis
1229 3066 1336 3122 atro-

328 3170 406 3238 cius
428 3193 470 3239 ac
493 3169 649 3242 celerius
673 3170 949 3268 absumpserat,
984 3170 1183 3269 pulmones
1209 3185 1335 3243 tume-

328 3282 421 3353 bant
439 3281 554 3371 adeo,
573 3301 615 3356 ut
638 3301 760 3358 totum
780 3287 945 3358 thoracis
965 3311 1097 3358 cavum
1114 3287 1332 3384 implerent.

329 3400 485 3473 Sinister
502 3417 647 3492 autem,
667 3400 746 3500 quo
758 3405 798 3473 in
812 3405 925 3476 latere
937 3402 1047 3476 dolor
1061 3402 1204 3492 suerat,
1224 3406 1334 3502 peni-

275 3521 277 3530 ’
328 3531 389 3587 tus
420 3515 670 3591 inflammatus
698 3545 740 3590 ac
770 3509 960 3619 nigricans
989 3536 1215 3620 conspectus
1249 3537 1336 3610 est,

328 3647 506 3730 praterea
517 3633 695 3707 inferiora
707 3663 836 3710 versus
849 3619 981 3710 albido
994 3637 1123 3710 ichore
1139 3635 1335 3726 infirnus,

334 3807 1334 3836 ——n——n———b——n—-w

367 3917 410 3994 (ι)
431 3918 565 3990 Epidem.
580 3920 601 3974 l.
617 3937 641 3974 1.
743 3920 746 3928 '

366 4019 411 4093 (a)
433 4017 534 4074 Schol.
552 4018 590 4076 ad
602 4019 666 4076 obs.
681 4020 733 4092 28,
749 4016 846 4095 hujus.
862 4029 879 4091 4
895 4034 966 4082 sect.
