2820 4668
290 404 396 494 5042
426 427 500 474 pr
527 425 673 476 scurrus
697 429 742 478 nr
767 427 891 476 crusis
911 429 1130 480 ,notrorum

287 542 536 617 rientissimus
562 541 674 612 docet
694 541 1103 629 Musschenbroeckius
1127 542 1217 641 (1).
1246 549 1299 616 An

291 679 476 762 quantum
493 663 669 738 subcute
687 678 903 761 congestam
921 680 958 736 ct
975 664 1195 737 adstrictam
1216 667 1299 764 pin·

169 834 174 844 .
290 782 463 880 guedinis
483 783 631 881 copiam
644 780 794 852 obstare
810 783 985 880 sanguini
1002 784 1216 872 credimus,
1245 809 1299 854 ex·

290 904 429 974 teriora
446 916 484 972 et
503 882 651 991 minoia
662 923 746 970 vasa
764 900 977 997 repleturo,
999 915 1146 972 tantum
1160 901 1226 972 hic
1238 926 1298 972 co·

290 1034 400 1116 gatur
417 1042 568 1107 necesse
588 1031 643 1090 est
661 1031 701 1087 ut
719 1017 898 1090 interiora
914 1032 951 1088 et
970 1019 1112 1113 majora
1132 1043 1243 1106 vasa,
1260 1043 1299 1090 ac

289 1126 527 1234 receptacula
546 1133 753 1221 distendat,
770 1149 806 1206 et
827 1133 881 1206 ibi
899 1136 1141 1233 potissimum
1161 1135 1233 1206 ubi
1250 1137 1297 1207 la-

289 1255 413 1324 xiores
442 1234 550 1341 sunt,
573 1267 638 1324 aut
666 1277 711 1324 ex
733 1268 839 1352 parte
860 1255 959 1326 erosi
982 1277 1117 1326 eornm
1136 1254 1300 1352 parietes

169 1442 175 1453 ,
290 1369 601 1470 disrumpatdAn
622 1370 788 1468 denique
807 1373 929 1442 erosio
948 1386 1053 1443 tanto
1074 1369 1229 1442 facilius
1245 1370 1297 1458 fit,

291 1505 434 1586 quanto
446 1488 1093 1589 magispinguediniscopiasanguis
1104 1487 1300 1560 abundat?
1385 1553 1386 1556 ,

289 1607 374 1680 Non
393 1632 453 1678 me
472 1604 583 1706 fugit,
599 1607 793 1705 plerisque
809 1606 987 1679 omnibus
1007 1621 1140 1678 contra
1161 1607 1296 1694 videri,
1387 1692 1388 1718 χ

290 1749 368 1796 non
399 1723 661 1806 dubitantibus
686 1725 779 1822 quin
808 1724 1002 1826 pinguedo
1024 1727 1193 1822 corrigat
1220 1750 1297 1796 ero-
1388 1780 1389 1800 ,

290 1843 418 1916 dentia
445 1842 690 1941 corpuscula,
712 1858 775 1914 aut
798 1858 898 1914 certe
921 1841 1058 1916 obruat
1084 1857 1122 1914 et
1144 1844 1296 1914 irretiat

290 1960 385 2032 Mihi
403 1985 512 2050 veru,
538 1985 624 2032 curn
647 1984 690 2032 ea
716 1961 832 2032 nimia
849 1975 926 2048 est,
943 1959 1019 2032 sive
1039 1959 1090 2032 ob
1108 1961 1149 2032 id
1176 1963 1298 2059 ipsunt

289 2077 392 2150 bona
410 2103 488 2152 esse
503 2103 586 2150 uon
595 2079 733 2178 possit,
751 2093 789 2150 et
806 2077 943 2150 idonea
952 2077 1002 2150 ad
1015 2077 1296 2176 corrigendum,
1391 2081 1392 2086 ’

291 2198 367 2268 sive
386 2195 596 2295 premendo
611 2197 767 2269 minima
785 2197 936 2271 vascula
947 2211 984 2268 et
997 2195 1299 2268 humoresinhis
1392 2179 1393 2188 ἵ

291 2313 545 2404 retardand0‚
564 2312 674 2386 faciat
696 2329 738 2386 ut
763 2339 870 2388 mora
893 2315 1056 2388 acriores
1082 2312 1198 2400 fiant,
1228 2316 1300 2386 sive

292 2431 456 2503 acriores
480 2433 685 2529 particulas
707 2433 758 2504 sic
785 2433 945 2522 irretiat,
969 2448 1012 2504 ut
1037 2433 1138 2503 intra
1163 2439 1314 2530 corpus·

291 2549 471 2634 retincat,
491 2573 528 2620 se
550 2550 703 2622 tandem
723 2550 925 2647 aliquando
942 2549 1010 2621 ubi
1027 2550 1145 2647 magis
1166 2550 1298 2647 magis·

292 2691 367 2764 qne
395 2681 620 2738 coacervatae
643 2663 802 2756 fuerint,
820 2667 906 2740 data
927 2667 1049 2765 aliqua
1075 2669 1297 2754 occasione,

292 2799 503 2874 exerturas3
523 2784 635 2874 mihi,
653 2787 832 2883 inquam,
850 2809 899 2856 ue
911 2785 970 2858 de
990 2783 1106 2856 modo
1130 2799 1171 2858 et
1193 2809 1299 2857 causa

291 2901 497 3000 disputem,
518 2903 609 2976 illud
631 2904 717 2976 satis
737 2917 811 2993 eu,
829 2927 923 3002 saepe
939 2927 1017 2976 esse
1035 2904 1078 2972 in
1090 2903 1301 3001 pinguibus

291 3021 484 3092 erosiones
511 3021 812 3110 animadversas,
841 3022 1127 3120 mequeipsurn
1161 3023 1203 3092 in
1230 3021 1300 3090 hac

289 3139 456 3234 itemque
470 3140 509 3210 iu
521 3140 637 3210 altera
652 3138 707 3236 (2)
720 3139 931 3238 pinguioris
951 3137 1104 3210 habitus
1119 3139 1299 3214 muliere,

290 3247 428 3351 quibus
447 3257 764 3354 pinguemetiam
785 3281 913 3330 senem
941 3255 997 3354 (3)
1024 3253 1131 3326 facile
1159 3255 1298 3342 addas,

289 3397 435 3443 erosam
460 3374 563 3446 intus
576 3377 757 3447 'arteriam
784 3398 958 3473 magnam
986 3371 1296 3472 deprehendisse,

326 3677 371 3754 (ι)
391 3677 476 3752 Disp.
491 3677 527 3734 de
537 3679 611 3736 acris
622 3689 760 3754 praesent.
775 3680 807 3738 in
819 3679 973 3736 humorib.
988 3677 1108 3738 animal.
1123 3696 1149 3733 c.
1168 3695 1195 3750 r,
1210 3679 1225 3748 ς
1241 3676 1294 3746 18,

287 3779 389 3834 coroll.
406 3791 421 3844 a
439 3788 468 3833 et
482 3777 509 3834 5.

327 3874 369 3952 (α)
390 3875 484 3954 Epist.
503 3877 555 3948 αδ,
568 3895 599 3934 n.
613 3862 658 3947 15.

325 3973 369 4047 (3)
389 3977 426 4030 N.
443 3973 488 4030 15.
