2850 4668
324 439 375 516 66
492 456 539 504 ne
565 444 711 502 sautans
735 446 778 496 ar
802 441 928 523 ¹cauus
954 427 1162 492 uonaoansr

323 574 504 650 noniense
526 560 795 640 Incurabilium
812 557 1074 630 nosocomium
1097 556 1326 632 admittatur.

319 699 532 786 Antequam
554 684 595 756 in
625 680 699 750 hoc
726 678 869 762 veniat,
897 674 1131 772 prospiciens
1151 672 1327 767 fortasse,
1414 745 1415 760 ,

321 835 397 912 qua
415 831 456 878 re
473 803 527 876 ibi
539 813 634 872 esset
651 798 828 882 caritura,
842 816 1024 891 generoso
1040 795 1129 864 vino
1144 817 1183 866 se
1197 797 1328 893 ingur·
1414 829 1415 840 κ

322 930 431 1026 gitat,
451 934 492 992 ut
503 916 598 991 nihil
616 911 750 1002 ferme,
762 912 834 984 nisi
852 909 908 998 id,
921 923 1046 980 sumat
1060 910 1175 982 tridui
1192 915 1324 1010 spatio,
1414 941 1415 974 r

320 1051 451 1138 ltaque
469 1049 579 1110 nocte
595 1033 716 1130 prima
734 1030 865 1126 quain
878 1029 1099 1098 nosocomio
1116 1029 1255 1124 jacuit,
1268 1032 1327 1100 in-

322 1161 430 1259 quies
441 1153 528 1241 fuit,
548 1166 584 1223 et
596 1148 703 1222 valde
718 1145 883 1218 incaluit.
904 1148 1015 1216 Mane
1031 1143 1163 1217 habuit
1179 1146 1324 1220 melius.

321 1276 454 1350 Pulsus
468 1287 594 1344 tamen
607 1279 686 1339 erat
699 1261 895 1361 frequens,
913 1261 1035 1352 celer,
1048 1261 1186 1348 duruS,
1203 1262 1327 1337 vibra·

254 1363 256 1373 Α
320 1409 401 1480 tus,
426 1389 572 1461 nonita
589 1383 713 1480 digitis
730 1383 925 1454 resistens:
944 1403 1015 1456 nee
1032 1403 1200 1477 magnus.
1228 1387 1328 1454 Hora

323 1510 454 1582 eadem
470 1504 569 1576 redit
586 1501 712 1572 calor:
730 1497 873 1570 accedit
886 1497 997 1570 dolor
1013 1521 1187 1596 pungens
1203 1497 1252 1570 ad
1270 1499 1328 1570 in-

320 1627 448 1700 fimam
466 1622 671 1719 legitimam
688 1629 828 1688 costam
852 1615 991 1688 sinistri
1013 1616 1152 1702 lateris,
1173 1618 1241 1713 qui
1260 1617 1332 1690 etsi

321 1739 511 1840 tangendo
538 1761 617 1808 non
642 1747 845 1820 cresceret,
867 1757 991 1830 neque
1014 1733 1054 1806 in
1075 1731 1115 1804 id
1135 1732 1230 1806 latus
1261 1757 1328 1807 cu·

320 1860 469 1947 bando;
485 1853 682 1928 decubitus
696 1865 823 1922 tamen
838 1866 917 1924 erat
929 1850 1166 1924 commodior
1177 1852 1217 1924 in
1231 1850 1328 1924 latus

322 1980 534 2061 dexterum,
548 1985 749 2070 propterea
766 1967 854 2064 quia
870 1967 1118 2041 decubitusin
1135 1969 1327 2058 sinistrum

321 2096 452 2170 tussim
463 2087 655 2174 movebat,
666 2084 771 2182 quod
785 2109 933 2182 semper
944 2088 984 2158 in
991 2085 1097 2160 brevi
1106 2084 1180 2158 hoc
1191 2083 1326 2160 morbo

322 2209 624 2284 animadversum
642 2217 706 2276 est.
725 2201 829 2274 Abiit
849 2217 995 2300 postea,
1019 2227 1144 2302 neque
1167 2203 1327 2301 amplius

322 2349 494 2402 reversus
507 2337 561 2394 est
577 2305 707 2408 dolor3
722 2334 764 2390 ut
777 2319 1000 2394 meliuscula
1011 2345 1110 2419 aegra
1122 2319 1326 2408 videretur,

218 2524 222 2535 ‚
323 2442 528 2544 praesertim
555 2463 640 2511 cum
664 2437 815 2535 pulsus,
836 2438 904 2508 etsi
922 2439 1011 2510 vitia
1036 2453 1166 2512 caetera
1189 2439 1328 2512 retine·

322 2576 397 2649 ret,
407 2575 531 2646 tamen
545 2557 669 2628 minus
679 2552 857 2651 frequens
866 2571 962 2630 esset
971 2553 1099 2630 factus.
1110 2555 1182 2630 Sed
1194 2569 1328 2654 quarta

323 2678 383 2750 die
402 2689 487 2775 post
506 2673 705 2744 horrorem
726 2671 931 2762 incalescit,
955 2673 1064 2774 pejus
1090 2672 1229 2762 habet,
1259 2697 1328 2770 per

322 2793 454 2866 tussim
479 2805 619 2876 autom,
650 2812 732 2885 qua
758 2789 856 2860 sicca
877 2788 1059 2868 hactenus
1081 2788 1230 2877 fuerat,
1254 2812 1326 2886 pus

322 2910 447 2984 reddit
459 2911 667 2993 cinereum,
680 2903 1323 2997 lividum,foetidum,incruentum.

321 3033 407 3103 Non
426 3027 499 3098 nisi
516 3023 799 3097 erectaeervice
820 3025 960 3123 spirare
975 3041 1108 3124 potest.
1128 3025 1261 3098 Pulsus
1282 3021 1326 3098 fit

321 3147 463 3232 minor,
483 3157 519 3214 et
539 3139 717 3229 debilior,
742 3165 815 3239 pus
828 3156 952 3216 autem
970 3156 1248 3240 expectoratum
1266 3142 1325 3210 ni-

324 3261 481 3358 gricans.
494 3263 590 3330 Leve
603 3256 778 3332 delirium
796 3259 948 3332 accedit.
969 3259 1097 3332 Febris
1108 3283 1176 3357 per
1187 3257 1258 3331 hos
1270 3255 1325 3328 ul-

322 3375 434 3447 timos
453 3374 533 3446 dies
551 3376 668 3446 serius
693 3376 879 3448 increscit
903 3382 948 3448 In
967 3376 1092 3448 medio
1120 3389 1228 3446 sextae
1250 3372 1325 3444 diei

323 3493 430 3590 quasi
450 3517 495 3564 ex
509 3491 706 3590 repentina
725 3490 971 3567 suffocatione
990 3509 1137 3566 mortua
1162 3505 1236 3580 est,
1258 3514 1323 3564 au·

320 3609 561 3682 tumnoanni
581 3606 681 3708 1705.

1413 1013 1415 1062 l

366 3726 515 3798 Thorax
526 3727 708 3823 utrinque
718 3725 852 3801 habuit
870 3724 989 3800 foetidi
1001 3725 1140 3800 cinerei
1157 3725 1230 3798 seri
1243 3747 1322 3797 non
1410 3795 1411 3842 ;

317 3843 507 3916 multum:
538 3843 739 3941 pulmones
771 3859 896 3916 autem
926 3844 1058 3916 leviter
1091 3841 1247 3939 laxeque
1273 3839 1322 3914 ad
1410 3843 1411 3862 ¹

313 3960 486 4057 pleuram
505 3959 747 4032 adhaerentes.
772 3964 856 4034 Haec
874 3985 895 4031 a
920 3961 1077 4034 sinistris
1094 3982 1169 4058 qua
1185 3957 1318 4056 pulmo
