2816 4668
342 480 414 567 460
464 459 466 464 ⁵
512 503 558 551 na
585 503 730 551 saumas
755 501 949 551 morosis
975 502 1189 553 uonaonua

340 617 525 689 Vallesius
545 615 619 711 (ι),
638 615 827 704 videntur,
847 617 989 714 inquit,-
1008 624 1060 688 eis
1079 617 1265 716 suspendi
1278 623 1346 688 uu·
1400 627 1401 702 J

342 759 448 822 cera,
479 735 659 807 uidentur
678 734 817 805 scilicet
840 761 983 806 sursum
1006 751 1234 822 eontracta,
1265 741 1346 832 quia
1400 739 1401 764 ³

340 859 445 944 uasis
470 859 650 942 innuitis,
681 853 778 924 velut
809 853 1076 926 convelluntur.
1109 854 1184 925 Alii
1221 865 1345 926 contra
1400 879 1401 882 ¹

340 971 577 1069 intelligunt,
597 969 718 1040 videri
741 972 882 1042 viscera
906 972 957 1042 ita
977 971 1186 1072 suspendi,
1212 999 1292 1042 non
1310 985 1343 1042 ut

340 1111 508 1176 sursum,
533 1089 612 1158 imo
631 1103 673 1159 ut
695 1087 871 1160 deorsum
893 1087 991 1159 trahi
1013 1089 1252 1174 sentiantur,
1275 1113 1339 1186 quo

228 1202 231 1214 '
338 1205 490 1302 pondus
506 1205 698 1293 videlicet,
718 1207 748 1276 si
767 1230 946 1304 suspensa
964 1222 1087 1278 essent
1107 1260 1116 1290 ‚
1138 1209 1226 1303 ipsa
1244 1231 1338 1304 rape-

336 1339 412 1410 ret,
433 1349 512 1394 uon
525 1348 638 1396 ¹secus
659 1347 703 1394 ac
729 1321 850 1416 fulcro
877 1323 1042 1421 quodam
1069 1323 1337 1410 subtract03id

337 1455 461 1512 autem
485 1438 648 1544 fuleuun
675 1455 783 1513 antea
809 1440 922 1514 fuisse
949 1443 1213 1513 ventriculum
1231 1467 1336 1528 ,eum

336 1557 423 1630 cibo
451 1574 624 1632 tumeret.
658 1563 780 1666 Atque
813 1561 889 1631 huc
917 1561 1048 1632 Dureti
1077 1561 1157 1655 (2)
1182 1564 1337 1658 pertinet

334 1675 619 1776 interpretum,
648 1703 761 1776 quam
791 1677 923 1775 legisse
943 1666 1156 1748 Ballonium
1177 1679 1247 1774 (3)
1273 1704 1335 1748 non

335 1793 470 1866 dubito
488 1797 501 1884 ‚'
526 1795 659 1866 iisdem
689 1794 814 1867 verbis
845 1795 945 1865 idem
977 1795 1208 1867 tradentem.
1244 1801 1335 1864 Hune
1400 1809 1401 1848 t

333 1911 554 1984 Thevartius
578 1915 618 1984 in
647 1912 958 1984 adnotationibus
982 1938 1059 1982 non
1076 1913 1199 1984 modo
1222 1897 1335 2011 sequiss

291 2101 295 2106 .
332 2045 423 2126 tur3
449 2027 514 2104 sed
543 2047 578 2104 et
608 2057 689 2103 eam
716 2032 1066 2129 interpretationem
1091 2031 1333 2130 ali0·Hippo·

335 2149 445 2220 cratis
461 2147 534 2246 (4)
558 2145 760 2248 confirmat
779 2148 894 2237 loco,
919 2149 957 2218 in
987 2163 1181 2219 costarum
1208 2147 1334 2218 {racto-

332 2290 373 2336 ra
403 2264 597 2354 docentis,
637 2266 872 2336 moderatum
906 2271 1047 2338 uentris
1077 2263 1334 2363 repletionem,

332 2398 523 2452 costarum
535 2385 632 2479 fieri
649 2383 911 2470 directionem
935 2409 1059 2454 verum
1079 2388 1333 2454 vacuationem

321 2489 532 2598 pendentes
556 2517 676 2572 costas
690 2505 850 2594 facere3
874 2517 911 2572 et
934 2503 1031 2572 hanc
1049 2501 1334 2598 dependentium

330 2615 500 2688 dolorem
528 2617 710 2690 inducere.
744 2623 866 2709 Quem
898 2620 1026 2690 locum
1052 2618 1252 2716 explicans
1274 2622 1333 2688 Ga·

328 2734 521 2832 lenus'(5‘)
543 2736 637 2807 adeo
656 2762 735 2807 non
756 2736 905 2834 dubitat
917 2792 928 2824 ‚
950 2741 1041 2834 quin
1060 2743 1199 2807 ventris
1220 2753 1335 2807 tumor

317 2853 625 2949 firmamentum,
651 2856 746 2942 sive,
772 2870 815 2926 ut
834 2879 923 2926 mox
947 2855 1141 2952 loquitur,
1163 2853 1274 2924 sedes
1296 2876 1333 2922 ae

325 2962 615 3044 sustentaculum
639 2973 973 3072 eostisefficiatur,
995 2985 1039 3043 ut
1057 2968 1228 3044 affirmet
1241 3028 1253 3059 ‚
1267 2975 1334 3069 ‘qui

325 3091 489 3185 majores
510 3106 650 3162 ventres
672 3091 839 3178 habent,
863 3096 907 3161 iis
928 3095 961 3160 si
974 3075 1087 3160 costa
1096 3091 1334 3185 frangatur,

326 3213 464 3277 minori
486 3207 619 3280 dolore
640 3213 778 3280 uexari
805 3213 1055 3294 consuevisse;
1080 3209 1220 3302 quibus
1247 3217 1331 3292 uero
1400 3209 1401 3224 ³

317 3324 483 3418 graciles
495 3341 533 3395 et
545 3333 729 3397 contracti
741 3343 888 3398 ventres
899 3329 1169 3422 sunt‚‘grarius
1189 3323 1332 3408 dolena
1400 3305 1401 3388 i

430 3651 545 3706 Comm.
562 3651 594 3706 in
608 3651 698 3726 Hipp.
712 3653 733 3706 1.
748 3652 860 3708 derat.
877 3650 948 3706 vict.
960 3649 1082 3708 inaeut.

355 3773 358 3778 ⁴
427 3753 463 3805 Ιι
479 3746 573 3806 schol.
591 3751 629 3806 ad
642 3768 676 3806 ea
688 3751 789 3807 verba.

431 3849 542 3907 Consil.
557 3849 606 3905 cit.
628 3849 673 3904 16.

428 3951 472 4003 De
488 3947 572 4004 artic.
587 3967 617 4002 n.
633 3946 680 4004 51.
