2824 4668
308 461 378 556 370
472 481 518 528 nr
544 479 690 528 sautans
715 479 759 526 ΕΤ
784 475 1145 526 causis-marorum
1171 538 1178 552 ⁸

307 601 346 668 in
366 596 412 667 iis
432 591 524 683 fuit,
543 591 753 690 dequibus
770 615 883 690 supra
905 590 1034 690 (t)e1
1053 592 1197 663 Platero
1214 608 1296 664 etex

306 715 543 800 Commercio
566 712 747 782 litterario
767 710 975 782 indicatum
994 725 1068 796 est,
1087 725 1124 782 et
1144 711 1204 782 illa
1222 735 1297 809 pra·

310 832 436 904 sertim
458 829 598 904 blanda
616 843 652 900 et
671 829 901 924 Lancisiauis
922 829 1053 900 similis
1066 883 1076 916 ,
1091 855 1203 926 quam
1219 835 1296 899 Bon·

304 949 422 1023 homo
448 947 621 1020 adhibuit
646 946 848 1044 praevotius
870 961 1001 1017 noster
1023 945 1078 1044 (a)
1099 973 1107 1014 :
1127 947 1216 1044 quin
1234 945 1296 1018 sola

305 1065 412 1140 diaeta
425 1081 612 1163 quantum
626 1065 765 1147 valeat,
784 1064 844 1136 his
860 1065 1059 1163 perpaucis
1073 1064 1200 1136 verbis
1216 1064 1295 1134 indi·

306 1185 402 1256 cavit
421 1183 614 1258 Ballonius
632 1181 726 1278 (3):
748 1181 906 1253 armam
931 1207 1058 1253 ornnes
1076 1189 1228 1254 arteriae
1244 1186 1294 1252 mi·

304 1304 444 1376 cabant
457 1302 669 1391 manifesto.
690 1303 833 1370 Mirum
848 1299 988 1391 t'dfuit.
1004 1305 1186 1372 Instituta
1203 1300 1296 1371 dintc

306 1434 458 1492 curatus
477 1434 541 1490 est.
561 1417 707 1493 Deinde
723 1418 853 1506 vides,
870 1418 1084 1515 cujusmodi
1106 1420 1182 1490 sint
1203 1420 1238 1488 in
1254 1441 1295 1487 ar·

302 1538 394 1610 teria
408 1537 513 1608 initia
526 1536 678 1610 illorum
698 1553 1029 1634 aueurysmatum,
1044 1563 1128 1636 quae
1147 1537 1295 1608 videlicet

300 1679 425 1752 neque
450 1653 497 1726 ab
526 1657 651 1726 nativa
672 1654 775 1726 illius
802 1654 1084 1743 imbecillitate,
1118 1679 1239 1753 neque
1261 1651 1295 1722 ab

253 1769 256 1780 ’
301 1775 480 1848 erosione
498 1771 617 1860 fiunt,
633 1771 809 1844 neduma
826 1773 982 1845 vulnere
994 1787 1058 1846 aut
1076 1773 1292 1846 contusione.

300 1895 445 1987 Nempe
475 1889 680 1962 vehemens
701 1889 866 1987 impetus
890 1915 967 1990 quo
995 1893 1150 1990 sanguis
1180 1889 1224 1961 ab
1252 1890 1292 1958 ni·

300 2011 419 2080 mium
441 2009 598 2080 adaucta
608 2009 645 2078 vi
660 2007 785 2080 cordis
795 2022 833 2080 et
846 2010 1069 2081 arteriarum
1090 2012 1132 2080 in
1151 2007 1291 2081 hasdiu-

299 2130 371 2198 tius
387 2142 561 2224 urgetur,
579 2141 655 2196 tam
673 2123 818 2197 crebris
839 2126 1025 2224 denique,
1041 2143 1078 2198 et
1100 2123 1215 2225 aequo‘
1227 2149 1290 2224 gn·

298 2243 469 2316 rioribus
485 2243 623 2314 ictibus
640 2242 925 2340 majoribusque
943 2243 1234 2316 distentionibus
1245 2266 1290 2313 ea·
1369 2315 1371 2320 .

299 2385 384 2431 rum
409 2361 544 2447 latera,
566 2362 810 2456 quantumvis
831 2385 899 2458 per
925 2387 963 2433 se
989 2363 1076 2434 satis
1104 2361 1230 2450 firma,
1246 2361 1289 2430 lc·

299 2477 388 2554 dere
408 2478 558 2574 incipit,
580 2478 715 2581 tunicae
732 2502 861 2549 earum
880 2479 1020 2549 intimae
1039 2479 1152 2552 villos
1169 2478 1288 2552 tenuis·

300 2596 415 2666 simos
430 2593 607 2691 quidem,
626 2594 690 2666 sed
705 2595 912 2668 arctissime
924 2613 1163 2695 compactos,
1181 2595 1288 2669 itadie
1369 2623 1370 2630 ¹

298 2713 508 2799 trahendo,
528 2727 569 2785 ut
585 2713 707 2810 prima
725 2713 825 2784 laesio
841 2713 1033 2786 sulcorum
1055 2712 1195 2803 forma,
1212 2733 1287 2812 quos

299 2831 637 2928 descripsimus‚se
657 2829 804 2928 prodat.
831 2837 935 2904 Hanc
962 2831 1146 2932 deinceps
1173 2848 1286 2904 cetera
1368 2921 1369 2924 Ἴ

298 2951 337 3022 in
356 2951 528 3046 proxima
548 2949 677 3020 tunica
698 2965 987 3046 consequuntur
1004 2951 1174 3024 laesiones
1192 2953 1286 3021 inter·
1368 2951 1369 2960 ’

298 3067 390 3140 dum
410 3069 540 3156 citius,
556 3066 645 3139 alias
670 3065 809 3154 serius,
831 3082 874 3138 ut
893 3069 1014 3164 major
1034 3070 1197 3166 impetus
1220 3090 1286 3139 san*

298 3185 421 3281 guinis
431 3187 634 3282 minorque
647 3185 789 3254 arteriae
804 3181 960 3258 firmitas
974 3201 1049 3273 est,
1065 3203 1130 3258 aut
1145 3212 1202 3259 res
1211 3209 1284 3257 con·

298 3303 413 3376 trario
444 3303 560 3374 ruodo
583 3327 621 3376 se
648 3301 812 3375 habent:
838 3301 958 3402 fitque
989 3305 1144 3378 tandem
1173 3325 1283 3376 verum
1367 3329 1368 3332 ¹

296 3419 538 3516 aneurysma,
567 3423 642 3492 sive
668 3421 707 3490 in
734 3445 887 3492 omnem
909 3439 1053 3520 partem
1072 3445 1282 3523 expansum,

299 3539 373 3609 sive
400 3542 517 3608 instar
548 3539 643 3608 sacci
665 3564 684 3609 a
713 3539 827 3612 latere
854 3541 1030 3641 appensi,
1060 3557 1103 3613 ut
1127 3541 1280 3612 villorum
1366 3585 1367 3623 ,

349 3861 360 3896 1
396 3840 435 3896 N.
451 3836 501 3896 25.

331 3839 377 4014 i²i
399 3940 489 4013 Apud
504 3934 669 4010 Rhodium,
682 3951 758 3996 cent.
775 3959 806 4012 a,
816 3942 881 3998 obs.
899 3941 979 4000 med.
994 3949 1040 4009 io.

333 4038 376 4115 (3)
395 4037 596 4114 Paradig.15·
