<?xml version="1.0" encoding="UTF-8"?>
<!DOCTYPE html PUBLIC "-//W3C//DTD XHTML 1.0 Transitional//EN"
    "http://www.w3.org/TR/xhtml1/DTD/xhtml1-transitional.dtd">
<html xmlns="http://www.w3.org/1999/xhtml" xml:lang="en" lang="en">
 <head>
  <title>
</title>
<meta http-equiv="Content-Type" content="text/html;charset=utf-8" />
  <meta name='ocr-system' content='tesseract 3.04.00' />
  <meta name='ocr-capabilities' content='ocr_page ocr_carea ocr_par ocr_line ocrx_word'/>
</head>
<body>
  <div class='ocr_page' id='page_1' title='image "./desedibusetcaus01adelgoog_0338.png"; bbox 0 0 2824 4668; ppageno 0'>
   <div class='ocr_carea' id='block_1_1' title="bbox 166 476 1179 575">
    <p class='ocr_par' dir='ltr' id='par_1_1' title="bbox 166 476 1179 575">
     <span class='ocr_line' id='line_1_1' title="bbox 166 476 1179 575; baseline 0.008 -35"><span class='ocrx_word' id='word_1_1' title='bbox 166 493 234 540; x_wconf 81' lang='lat' dir='ltr'><strong>cm.</strong></span> <span class='ocrx_word' id='word_1_2' title='bbox 262 492 303 540; x_wconf 87' lang='lat' dir='ltr'><strong>n.</strong></span> <span class='ocrx_word' id='word_1_3' title='bbox 331 489 1020 559; x_wconf 74' lang='lat' dir='ltr'><strong>nsuouarsrnoascts,rrrsr.xx1v.</strong></span> <span class='ocrx_word' id='word_1_4' title='bbox 1049 476 1120 575; x_wconf 66' lang='lat'><strong>349</strong></span> <span class='ocrx_word' id='word_1_5' title='bbox 1173 511 1179 536; x_wconf 55' lang='grc' dir='ltr'><em>κ</em></span> 
     </span>
    </p>
   </div>
   <div class='ocr_carea' id='block_1_2' title="bbox 6 604 1195 3052">
    <p class='ocr_par' dir='ltr' id='par_1_2' title="bbox 6 604 1195 3052">
     <span class='ocr_line' id='line_1_2' title="bbox 119 604 1121 706; baseline 0.007 -27"><span class='ocrx_word' id='word_1_6' title='bbox 119 607 273 706; x_wconf 86' lang='lat' dir='ltr'><strong>guinem</strong></span> <span class='ocrx_word' id='word_1_7' title='bbox 298 604 515 694; x_wconf 81' lang='lat' dir='ltr'><strong>insanabili,</strong></span> <span class='ocrx_word' id='word_1_8' title='bbox 543 604 637 678; x_wconf 89' lang='lat' dir='ltr'><strong>adeo</strong></span> <span class='ocrx_word' id='word_1_9' title='bbox 666 609 871 705; x_wconf 84' lang='lat' dir='ltr'>oppressis,</span> <span class='ocrx_word' id='word_1_10' title='bbox 890 625 935 683; x_wconf 91' lang='lat' dir='ltr'><strong>ut</strong></span> <span class='ocrx_word' id='word_1_11' title='bbox 951 629 1121 686; x_wconf 89' lang='lat' dir='ltr'><strong>mortuo-</strong></span> 
     </span>
     <span class='ocr_line' id='line_1_3' title="bbox 116 723 1120 822; baseline 0.01 -28"><span class='ocrx_word' id='word_1_12' title='bbox 116 749 202 795; x_wconf 90' lang='lat' dir='ltr'><strong>rum</strong></span> <span class='ocrx_word' id='word_1_13' title='bbox 221 725 339 822; x_wconf 82' lang='lat' dir='ltr'><strong>magis</strong></span> <span class='ocrx_word' id='word_1_14' title='bbox 365 747 478 822; x_wconf 83' lang='lat' dir='ltr'><strong>quam</strong></span> <span class='ocrx_word' id='word_1_15' title='bbox 494 723 701 796; x_wconf 81' lang='lat' dir='ltr'><strong>virentium</strong></span> <span class='ocrx_word' id='word_1_16' title='bbox 723 727 880 798; x_wconf 91' lang='lat' dir='ltr'><strong>omnino</strong></span> <span class='ocrx_word' id='word_1_17' title='bbox 904 729 1041 804; x_wconf 84' lang='lat' dir='ltr'><strong>similes</strong></span> <span class='ocrx_word' id='word_1_18' title='bbox 1063 735 1120 804; x_wconf 88' lang='lat' dir='ltr'><strong>vi-</strong></span> 
     </span>
     <span class='ocr_line' id='line_1_4' title="bbox 116 819 1118 946; baseline 0.011 -33"><span class='ocrx_word' id='word_1_19' title='bbox 116 841 297 931; x_wconf 85' lang='lat' dir='ltr'><strong>deantur,</strong></span> <span class='ocrx_word' id='word_1_20' title='bbox 313 842 344 913; x_wconf 90' lang='lat' dir='ltr'><strong>si</strong></span> <span class='ocrx_word' id='word_1_21' title='bbox 358 841 508 938; x_wconf 87' lang='lat' dir='ltr'><strong>sanguis</strong></span> <span class='ocrx_word' id='word_1_22' title='bbox 522 840 676 938; x_wconf 87' lang='lat' dir='ltr'><strong>quidem</strong></span> <span class='ocrx_word' id='word_1_23' title='bbox 705 843 890 938; x_wconf 89' lang='lat' dir='ltr'><strong>ejusmodi</strong></span> <span class='ocrx_word' id='word_1_24' title='bbox 907 819 973 936; x_wconf 76' lang='lat' dir='ltr'><strong>sit,</strong></span> <span class='ocrx_word' id='word_1_25' title='bbox 988 851 1118 946; x_wconf 87' lang='lat' dir='ltr'><strong>qualis</strong></span> 
     </span>
     <span class='ocr_line' id='line_1_5' title="bbox 116 957 1118 1058; baseline 0.01 -26"><span class='ocrx_word' id='word_1_26' title='bbox 116 959 212 1032; x_wconf 90' lang='lat' dir='ltr'><strong>solet</strong></span> <span class='ocrx_word' id='word_1_27' title='bbox 232 961 263 1032; x_wconf 92' lang='lat' dir='ltr'><strong>is</strong></span> <span class='ocrx_word' id='word_1_28' title='bbox 291 959 358 1057; x_wconf 93' lang='lat' dir='ltr'><strong>qui</strong></span> <span class='ocrx_word' id='word_1_29' title='bbox 378 957 425 1030; x_wconf 89' lang='lat' dir='ltr'><strong>ad</strong></span> <span class='ocrx_word' id='word_1_30' title='bbox 444 972 607 1030; x_wconf 85' lang='lat' dir='ltr'><strong>crustam</strong></span> <span class='ocrx_word' id='word_1_31' title='bbox 625 959 851 1058; x_wconf 83' lang='lat' dir='ltr'>gignendam</span> <span class='ocrx_word' id='word_1_32' title='bbox 882 978 937 1036; x_wconf 90' lang='lat' dir='ltr'><strong>est</strong></span> <span class='ocrx_word' id='word_1_33' title='bbox 959 968 1118 1042; x_wconf 84' lang='lat' dir='ltr'>maxime</span> 
     </span>
     <span class='ocr_line' id='line_1_6' title="bbox 115 1073 1117 1176; baseline 0.01 -29"><span class='ocrx_word' id='word_1_34' title='bbox 115 1075 285 1150; x_wconf 87' lang='lat' dir='ltr'><strong>idoneus.</strong></span> <span class='ocrx_word' id='word_1_35' title='bbox 306 1073 492 1149; x_wconf 78' lang='lat' dir='ltr'><strong>Perfectus</strong></span> <span class='ocrx_word' id='word_1_36' title='bbox 519 1089 645 1149; x_wconf 90' lang='lat' dir='ltr'><strong>autem</strong></span> <span class='ocrx_word' id='word_1_37' title='bbox 667 1077 708 1147; x_wconf 90' lang='lat' dir='ltr'><strong>in</strong></span> <span class='ocrx_word' id='word_1_38' title='bbox 734 1081 1057 1176; x_wconf 87' lang='lat' dir='ltr'><strong>aneurysmatibus</strong></span> <span class='ocrx_word' id='word_1_39' title='bbox 1072 1085 1117 1157; x_wconf 94' lang='lat' dir='ltr'><strong>iis</strong></span> 
     </span>
     <span class='ocr_line' id='line_1_7' title="bbox 6 1191 1114 1298; baseline 0.005 -32"><span class='ocrx_word' id='word_1_40' title='bbox 6 1291 10 1298; x_wconf 91' lang='lat'>.</span> <span class='ocrx_word' id='word_1_41' title='bbox 115 1194 345 1294; x_wconf 77' lang='lat' dir='ltr'><strong>prasertim,</strong></span> <span class='ocrx_word' id='word_1_42' title='bbox 362 1219 444 1291; x_wconf 82' lang='lat' dir='ltr'><strong>quae</strong></span> <span class='ocrx_word' id='word_1_43' title='bbox 465 1193 562 1266; x_wconf 88' lang='lat' dir='ltr'><strong>sacci</strong></span> <span class='ocrx_word' id='word_1_44' title='bbox 582 1191 742 1266; x_wconf 88' lang='lat' dir='ltr'><strong>formam</strong></span> <span class='ocrx_word' id='word_1_45' title='bbox 760 1199 916 1294; x_wconf 85' lang='lat' dir='ltr'><strong>appensi</strong></span> <span class='ocrx_word' id='word_1_46' title='bbox 933 1195 1114 1272; x_wconf 84' lang='lat' dir='ltr'><strong>referunt.</strong></span> 
     </span>
     <span class='ocr_line' id='line_1_8' title="bbox 114 1310 1116 1409; baseline 0.006 -25"><span class='ocrx_word' id='word_1_47' title='bbox 114 1311 175 1384; x_wconf 87' lang='lat' dir='ltr'><strong>Ibi</strong></span> <span class='ocrx_word' id='word_1_48' title='bbox 203 1313 303 1384; x_wconf 88' lang='lat' dir='ltr'><strong>enim</strong></span> <span class='ocrx_word' id='word_1_49' title='bbox 319 1310 410 1382; x_wconf 85' lang='lat' dir='ltr'><strong>¹vidi</strong></span> <span class='ocrx_word' id='word_1_50' title='bbox 436 1312 536 1409; x_wconf 88' lang='lat' dir='ltr'><strong>ipse,</strong></span> <span class='ocrx_word' id='word_1_51' title='bbox 558 1335 638 1382; x_wconf 91' lang='lat' dir='ltr'><strong>non</strong></span> <span class='ocrx_word' id='word_1_52' title='bbox 665 1311 765 1382; x_wconf 80' lang='lat' dir='ltr'><strong>illius</strong></span> <span class='ocrx_word' id='word_1_53' title='bbox 793 1319 915 1394; x_wconf 80' lang='lat' dir='ltr'><strong>camis</strong></span> <span class='ocrx_word' id='word_1_54' title='bbox 942 1340 1116 1392; x_wconf 74' lang='lat' dir='ltr'><strong>concavae</strong></span> 
     </span>
     <span class='ocr_line' id='line_1_9' title="bbox 113 1428 1116 1529; baseline 0.006 -29"><span class='ocrx_word' id='word_1_55' title='bbox 113 1433 234 1529; x_wconf 81' lang='lat' dir='ltr'><strong>specie</strong></span> <span class='ocrx_word' id='word_1_56' title='bbox 254 1453 368 1527; x_wconf 89' lang='lat' dir='ltr'><strong>quam</strong></span> <span class='ocrx_word' id='word_1_57' title='bbox 388 1428 519 1527; x_wconf 89' lang='lat' dir='ltr'>polypi</span> <span class='ocrx_word' id='word_1_58' title='bbox 543 1428 712 1526; x_wconf 86' lang='lat' dir='ltr'><strong>praebent</strong></span> <span class='ocrx_word' id='word_1_59' title='bbox 735 1429 937 1528; x_wconf 90' lang='lat' dir='ltr'><strong>aliquando</strong></span> <span class='ocrx_word' id='word_1_60' title='bbox 960 1434 1000 1505; x_wconf 91' lang='lat' dir='ltr'><strong>in</strong></span> <span class='ocrx_word' id='word_1_61' title='bbox 1023 1459 1116 1508; x_wconf 88' lang='lat' dir='ltr'><strong>ven-</strong></span> 
     </span>
     <span class='ocr_line' id='line_1_10' title="bbox 113 1544 1115 1646; baseline 0.004 -26"><span class='ocrx_word' id='word_1_62' title='bbox 113 1547 258 1620; x_wconf 91' lang='lat' dir='ltr'><strong>triculis</strong></span> <span class='ocrx_word' id='word_1_63' title='bbox 269 1545 333 1618; x_wconf 88' lang='lat' dir='ltr'><strong>aut</strong></span> <span class='ocrx_word' id='word_1_64' title='bbox 346 1545 524 1618; x_wconf 85' lang='lat' dir='ltr'><strong>auriculis</strong></span> <span class='ocrx_word' id='word_1_65' title='bbox 537 1544 682 1634; x_wconf 89' lang='lat' dir='ltr'><strong>cordis,</strong></span> <span class='ocrx_word' id='word_1_66' title='bbox 700 1547 897 1646; x_wconf 91' lang='lat' dir='ltr'><strong>multoque</strong></span> <span class='ocrx_word' id='word_1_67' title='bbox 910 1551 1056 1638; x_wconf 71' lang='lat' dir='ltr'><strong>minus,</strong></span> <span class='ocrx_word' id='word_1_68' title='bbox 1065 1567 1115 1624; x_wconf 91' lang='lat' dir='ltr'><strong>ut</strong></span> 
     </span>
     <span class='ocr_line' id='line_1_11' title="bbox 114 1663 1115 1762; baseline 0.002 -26"><span class='ocrx_word' id='word_1_69' title='bbox 114 1663 195 1736; x_wconf 92' lang='lat' dir='ltr'><strong>ullo</strong></span> <span class='ocrx_word' id='word_1_70' title='bbox 218 1663 334 1736; x_wconf 92' lang='lat' dir='ltr'><strong>modo</strong></span> <span class='ocrx_word' id='word_1_71' title='bbox 352 1687 423 1762; x_wconf 90' lang='lat' dir='ltr'><strong>pro</strong></span> <span class='ocrx_word' id='word_1_72' title='bbox 441 1667 650 1733; x_wconf 82' lang='lat' dir='ltr'><strong>tunicarum</strong></span> <span class='ocrx_word' id='word_1_73' title='bbox 677 1670 948 1754; x_wconf 82' lang='lat' dir='ltr'><strong>aneurysmau&#39;s</strong></span> <span class='ocrx_word' id='word_1_74' title='bbox 975 1691 1115 1738; x_wconf 79' lang='lat' dir='ltr'><strong>exeres-</strong></span> 
     </span>
     <span class='ocr_line' id='line_1_12' title="bbox 115 1776 1116 1880; baseline -0.001 -27"><span class='ocrx_word' id='word_1_75' title='bbox 115 1786 241 1854; x_wconf 78' lang='lat' dir='ltr'><strong>centiis</strong></span> <span class='ocrx_word' id='word_1_76' title='bbox 260 1795 416 1880; x_wconf 84' lang='lat' dir='ltr'><strong>possent</strong></span> <span class='ocrx_word' id='word_1_77' title='bbox 431 1777 585 1866; x_wconf 83' lang='lat' dir='ltr'><strong>haberi3</strong></span> <span class='ocrx_word' id='word_1_78' title='bbox 609 1776 675 1850; x_wconf 89' lang='lat' dir='ltr'><strong>sed</strong></span> <span class='ocrx_word' id='word_1_79' title='bbox 698 1777 828 1875; x_wconf 87' lang='lat' dir='ltr'><strong>quales</strong></span> <span class='ocrx_word' id='word_1_80' title='bbox 845 1779 914 1850; x_wconf 91' lang='lat' dir='ltr'><strong>tibi</strong></span> <span class='ocrx_word' id='word_1_81' title='bbox 934 1780 1116 1879; x_wconf 88' lang='lat' dir='ltr'><strong>descripsi</strong></span> 
     </span>
     <span class='ocr_line' id='line_1_13' title="bbox 113 1893 1115 1994; baseline 0.001 -24"><span class='ocrx_word' id='word_1_82' title='bbox 113 1893 499 1992; x_wconf 81' lang='lat' dir='ltr'><strong>litteris·aliis(1),ubi</strong></span> <span class='ocrx_word' id='word_1_83' title='bbox 515 1895 746 1994; x_wconf 59' lang='lat' dir='ltr'><strong>suceptionis</strong></span> <span class='ocrx_word' id='word_1_84' title='bbox 757 1893 868 1990; x_wconf 87' lang='lat' dir='ltr'><strong>hujus</strong></span> <span class='ocrx_word' id='word_1_85' title='bbox 880 1919 971 1967; x_wconf 86' lang='lat' dir='ltr'><strong>meae</strong></span> <span class='ocrx_word' id='word_1_86' title='bbox 986 1919 1115 1970; x_wconf 87' lang='lat' dir='ltr'><strong>causas</strong></span> 
     </span>
     <span class='ocr_line' id='line_1_14' title="bbox 115 2010 1113 2098; baseline 0 -11"><span class='ocrx_word' id='word_1_87' title='bbox 115 2017 167 2089; x_wconf 88' lang='lat' dir='ltr'><strong>sic</strong></span> <span class='ocrx_word' id='word_1_88' title='bbox 185 2014 364 2098; x_wconf 85' lang='lat' dir='ltr'><strong>indicavi,</strong></span> <span class='ocrx_word' id='word_1_89' title='bbox 379 2027 422 2084; x_wconf 90' lang='lat' dir='ltr'><strong>ut</strong></span> <span class='ocrx_word' id='word_1_90' title='bbox 438 2011 502 2083; x_wconf 86' lang='lat' dir='ltr'><strong>hie</strong></span> <span class='ocrx_word' id='word_1_91' title='bbox 511 2010 699 2082; x_wconf 87' lang='lat' dir='ltr'><strong>iterandas</strong></span> <span class='ocrx_word' id='word_1_92' title='bbox 715 2035 793 2082; x_wconf 92' lang='lat' dir='ltr'><strong>non</strong></span> <span class='ocrx_word' id='word_1_93' title='bbox 809 2013 1024 2084; x_wconf 86' lang='lat' dir='ltr'><strong>existimem.</strong></span> <span class='ocrx_word' id='word_1_94' title='bbox 1043 2016 1113 2087; x_wconf 88' lang='lat' dir='ltr'><strong>Ne·</strong></span> 
     </span>
     <span class='ocr_line' id='line_1_15' title="bbox 114 2127 1112 2234; baseline -0.002 -29"><span class='ocrx_word' id='word_1_95' title='bbox 114 2131 301 2232; x_wconf 76' lang='lat' dir='ltr'><strong>que‘illud</strong></span> <span class='ocrx_word' id='word_1_96' title='bbox 313 2155 435 2203; x_wconf 83' lang='lat' dir='ltr'><strong>avaro</strong></span> <span class='ocrx_word' id='word_1_97' title='bbox 454 2128 617 2206; x_wconf 85' lang='lat' dir='ltr'><strong>alienum</strong></span> <span class='ocrx_word' id='word_1_98' title='bbox 630 2127 795 2228; x_wconf 86' lang='lat' dir='ltr'><strong>putabo,</strong></span> <span class='ocrx_word' id='word_1_99' title='bbox 811 2145 854 2202; x_wconf 89' lang='lat' dir='ltr'><strong>ut</strong></span> <span class='ocrx_word' id='word_1_100' title='bbox 871 2131 902 2202; x_wconf 94' lang='lat' dir='ltr'><strong>si</strong></span> <span class='ocrx_word' id='word_1_101' title='bbox 914 2155 1112 2234; x_wconf 76' lang='lat' dir='ltr'><strong>ramorum</strong></span> 
     </span>
     <span class='ocr_line' id='line_1_16' title="bbox 114 2246 1113 2346; baseline -0.001 -23"><span class='ocrx_word' id='word_1_102' title='bbox 114 2275 203 2324; x_wconf 88' lang='lat' dir='ltr'><strong>cum</strong></span> <span class='ocrx_word' id='word_1_103' title='bbox 236 2262 494 2346; x_wconf 67' lang='lat' dir='ltr'><strong>anmrysmate</strong></span> <span class='ocrx_word' id='word_1_104' title='bbox 529 2248 891 2342; x_wconf 84' lang='lat' dir='ltr'><strong>communicantium</strong></span> <span class='ocrx_word' id='word_1_105' title='bbox 921 2246 1113 2323; x_wconf 87' lang='lat' dir='ltr'><strong>orificium</strong></span> 
     </span>
     <span class='ocr_line' id='line_1_17' title="bbox 114 2363 1111 2466; baseline 0.002 -26"><span class='ocrx_word' id='word_1_106' title='bbox 114 2366 269 2466; x_wconf 87' lang='lat' dir='ltr'><strong>aliquod</strong></span> <span class='ocrx_word' id='word_1_107' title='bbox 296 2392 318 2438; x_wconf 89' lang='lat' dir='ltr'><strong>a</strong></span> <span class='ocrx_word' id='word_1_108' title='bbox 344 2365 542 2465; x_wconf 88' lang='lat' dir='ltr'><strong>polyposis</strong></span> <span class='ocrx_word' id='word_1_109' title='bbox 560 2363 632 2437; x_wconf 92' lang='lat' dir='ltr'><strong>illis</strong></span> <span class='ocrx_word' id='word_1_110' title='bbox 658 2389 741 2462; x_wconf 86' lang='lat' dir='ltr'><strong>quae</strong></span> <span class='ocrx_word' id='word_1_111' title='bbox 765 2365 864 2438; x_wconf 88' lang='lat' dir='ltr'><strong>intra</strong></span> <span class='ocrx_word' id='word_1_112' title='bbox 889 2391 1111 2466; x_wconf 87' lang='lat' dir='ltr'><strong>aneurysma</strong></span> 
     </span>
     <span class='ocr_line' id='line_1_18' title="bbox 115 2480 1111 2581; baseline -0.001 -23"><span class='ocrx_word' id='word_1_113' title='bbox 115 2485 212 2572; x_wconf 88' lang='lat' dir='ltr'><strong>sint,</strong></span> <span class='ocrx_word' id='word_1_114' title='bbox 239 2480 546 2556; x_wconf 87' lang='lat' dir='ltr'><strong>concretionibus</strong></span> <span class='ocrx_word' id='word_1_115' title='bbox 562 2505 608 2552; x_wconf 84' lang='lat' dir='ltr'><strong>ex</strong></span> <span class='ocrx_word' id='word_1_116' title='bbox 621 2497 727 2579; x_wconf 85' lang='lat' dir='ltr'><strong>parte</strong></span> <span class='ocrx_word' id='word_1_117' title='bbox 746 2484 954 2581; x_wconf 88' lang='lat' dir='ltr'><strong>operiatur,</strong></span> <span class='ocrx_word' id='word_1_118' title='bbox 978 2501 1021 2557; x_wconf 92' lang='lat' dir='ltr'><strong>ut</strong></span> <span class='ocrx_word' id='word_1_119' title='bbox 1039 2487 1111 2557; x_wconf 90' lang='lat' dir='ltr'><strong>mi-</strong></span> 
     </span>
     <span class='ocr_line' id='line_1_19' title="bbox 110 2597 1112 2701; baseline 0.002 -27"><span class='ocrx_word' id='word_1_120' title='bbox 110 2625 185 2675; x_wconf 93' lang='lat' dir='ltr'><strong>nus</strong></span> <span class='ocrx_word' id='word_1_121' title='bbox 200 2603 240 2674; x_wconf 91' lang='lat' dir='ltr'><strong>iu</strong></span> <span class='ocrx_word' id='word_1_122' title='bbox 258 2603 382 2701; x_wconf 92' lang='lat' dir='ltr'><strong>ipsum</strong></span> <span class='ocrx_word' id='word_1_123' title='bbox 398 2597 530 2672; x_wconf 90' lang='lat' dir='ltr'><strong>inssuat</strong></span> <span class='ocrx_word' id='word_1_124' title='bbox 549 2601 762 2698; x_wconf 86' lang='lat' dir='ltr'><strong>sanguinis,</strong></span> <span class='ocrx_word' id='word_1_125' title='bbox 781 2602 928 2699; x_wconf 86' lang='lat' dir='ltr'><strong>possint</strong></span> <span class='ocrx_word' id='word_1_126' title='bbox 941 2603 1011 2674; x_wconf 82' lang='lat' dir='ltr'><strong>illae</strong></span> <span class='ocrx_word' id='word_1_127' title='bbox 1022 2605 1112 2676; x_wconf 91' lang='lat' dir='ltr'><strong>inci·</strong></span> 
     </span>
     <span class='ocr_line' id='line_1_20' title="bbox 110 2717 1110 2820; baseline 0.002 -28"><span class='ocrx_word' id='word_1_128' title='bbox 110 2745 221 2820; x_wconf 83' lang='lat' dir='ltr'><strong>pere,</strong></span> <span class='ocrx_word' id='word_1_129' title='bbox 240 2720 387 2791; x_wconf 87' lang='lat' dir='ltr'><strong>vivente</strong></span> <span class='ocrx_word' id='word_1_130' title='bbox 406 2717 581 2804; x_wconf 88' lang='lat' dir='ltr'><strong>homine,</strong></span> <span class='ocrx_word' id='word_1_131' title='bbox 601 2717 641 2788; x_wconf 94' lang='lat' dir='ltr'><strong>in</strong></span> <span class='ocrx_word' id='word_1_132' title='bbox 658 2742 746 2790; x_wconf 88' lang='lat' dir='ltr'><strong>eum</strong></span> <span class='ocrx_word' id='word_1_133' title='bbox 763 2742 911 2791; x_wconf 90' lang='lat' dir='ltr'><strong>ramum</strong></span> <span class='ocrx_word' id='word_1_134' title='bbox 928 2743 967 2792; x_wconf 87' lang='lat' dir='ltr'><strong>se</strong></span> <span class='ocrx_word' id='word_1_135' title='bbox 982 2737 1110 2794; x_wconf 87' lang='lat' dir='ltr'><strong>exten-</strong></span> 
     </span>
     <span class='ocr_line' id='line_1_21' title="bbox 111 2833 1110 2935; baseline 0.002 -25"><span class='ocrx_word' id='word_1_136' title='bbox 111 2837 221 2926; x_wconf 88' lang='lat' dir='ltr'><strong>dere,</strong></span> <span class='ocrx_word' id='word_1_137' title='bbox 248 2853 366 2934; x_wconf 90' lang='lat' dir='ltr'><strong>utque</strong></span> <span class='ocrx_word' id='word_1_138' title='bbox 394 2834 595 2906; x_wconf 87' lang='lat' dir='ltr'><strong>accedente</strong></span> <span class='ocrx_word' id='word_1_139' title='bbox 613 2834 660 2906; x_wconf 86' lang='lat' dir='ltr'><strong>ad</strong></span> <span class='ocrx_word' id='word_1_140' title='bbox 679 2833 841 2908; x_wconf 85' lang='lat' dir='ltr'><strong>debilem</strong></span> <span class='ocrx_word' id='word_1_141' title='bbox 867 2862 912 2910; x_wconf 87' lang='lat' dir='ltr'><strong>ex</strong></span> <span class='ocrx_word' id='word_1_142' title='bbox 934 2861 1110 2935; x_wconf 81' lang='lat' dir='ltr'><strong>aneurys·</strong></span> 
     </span>
     <span class='ocr_line' id='line_1_22' title="bbox 108 2953 1195 3052; baseline 0.004 -26"><span class='ocrx_word' id='word_1_143' title='bbox 108 2971 208 3028; x_wconf 91' lang='lat' dir='ltr'><strong>mate</strong></span> <span class='ocrx_word' id='word_1_144' title='bbox 223 2953 413 3052; x_wconf 84' lang='lat' dir='ltr'><strong>sanguinis</strong></span> <span class='ocrx_word' id='word_1_145' title='bbox 438 2964 605 3040; x_wconf 90' lang='lat' dir='ltr'><strong>motum,</strong></span> <span class='ocrx_word' id='word_1_146' title='bbox 625 2966 792 3024; x_wconf 83' lang='lat' dir='ltr'><strong>extremo</strong></span> <span class='ocrx_word' id='word_1_147' title='bbox 814 2953 855 3023; x_wconf 93' lang='lat' dir='ltr'><strong>in</strong></span> <span class='ocrx_word' id='word_1_148' title='bbox 873 2953 1111 3030; x_wconf 88' lang='lat' dir='ltr'><strong>moribundis</strong></span> <span class='ocrx_word' id='word_1_149' title='bbox 1193 2984 1195 2994; x_wconf 70' lang='grc'>’</span> 
     </span>
    </p>
   </div>
   <div class='ocr_carea' id='block_1_3' title="bbox 110 3067 1271 3168">
    <p class='ocr_par' dir='ltr' id='par_1_3' title="bbox 110 3067 1271 3168">
     <span class='ocr_line' id='line_1_23' title="bbox 110 3067 1271 3168; baseline 0 -26"><span class='ocrx_word' id='word_1_150' title='bbox 110 3072 235 3146; x_wconf 88' lang='lat' dir='ltr'><strong>cordis</strong></span> <span class='ocrx_word' id='word_1_151' title='bbox 252 3071 434 3168; x_wconf 85' lang='lat' dir='ltr'><strong>languore</strong></span> <span class='ocrx_word' id='word_1_152' title='bbox 461 3067 682 3166; x_wconf 85' lang='lat' dir='ltr'><strong>sanguinem</strong></span> <span class='ocrx_word' id='word_1_153' title='bbox 698 3069 775 3163; x_wconf 87' lang='lat' dir='ltr'><strong>jam</strong></span> <span class='ocrx_word' id='word_1_154' title='bbox 794 3069 919 3140; x_wconf 91' lang='lat' dir='ltr'><strong>minus</strong></span> <span class='ocrx_word' id='word_1_155' title='bbox 939 3071 1110 3146; x_wconf 85' lang='lat' dir='ltr'><strong>minusve</strong></span> <span class='ocrx_word' id='word_1_156' title='bbox 1162 3071 1168 3098; x_wconf 84' lang='lat'><strong><em>‘</em></strong></span> <span class='ocrx_word' id='word_1_157' title='bbox 1269 3124 1271 3129; x_wconf 79' lang='lat'><em>·</em></span> 
     </span>
    </p>
   </div>
   <div class='ocr_carea' id='block_1_4' title="bbox 101 3183 1210 4119">
    <p class='ocr_par' dir='ltr' id='par_1_4' title="bbox 101 3183 1210 3856">
     <span class='ocr_line' id='line_1_24' title="bbox 109 3183 1108 3288; baseline -0.001 -27"><span class='ocrx_word' id='word_1_158' title='bbox 109 3188 372 3288; x_wconf 89' lang='lat' dir='ltr'><strong>propellentis,</strong></span> <span class='ocrx_word' id='word_1_159' title='bbox 387 3186 579 3259; x_wconf 88' lang='lat' dir='ltr'><strong>concretio</strong></span> <span class='ocrx_word' id='word_1_160' title='bbox 595 3183 636 3254; x_wconf 92' lang='lat' dir='ltr'><strong>in</strong></span> <span class='ocrx_word' id='word_1_161' title='bbox 654 3207 758 3254; x_wconf 90' lang='lat' dir='ltr'><strong>ramo</strong></span> <span class='ocrx_word' id='word_1_162' title='bbox 777 3200 978 3283; x_wconf 82' lang='lat' dir='ltr'><strong>augeatur,</strong></span> <span class='ocrx_word' id='word_1_163' title='bbox 992 3203 1030 3258; x_wconf 90' lang='lat' dir='ltr'><strong>et</strong></span> <span class='ocrx_word' id='word_1_164' title='bbox 1042 3187 1108 3260; x_wconf 89' lang='lat' dir='ltr'><strong>de·</strong></span> 
     </span>
     <span class='ocr_line' id='line_1_25' title="bbox 108 3293 1116 3404; baseline 0 -27"><span class='ocrx_word' id='word_1_165' title='bbox 108 3308 227 3404; x_wconf 89' lang='lat' dir='ltr'><strong>nique</strong></span> <span class='ocrx_word' id='word_1_166' title='bbox 244 3329 289 3377; x_wconf 82' lang='lat' dir='ltr'><strong>ex</strong></span> <span class='ocrx_word' id='word_1_167' title='bbox 305 3303 529 3376; x_wconf 86' lang='lat' dir='ltr'><strong>subsistente</strong></span> <span class='ocrx_word' id='word_1_168' title='bbox 541 3316 627 3399; x_wconf 89' lang='lat' dir='ltr'><strong>post</strong></span> <span class='ocrx_word' id='word_1_169' title='bbox 638 3315 797 3373; x_wconf 90' lang='lat' dir='ltr'><strong>mortem</strong></span> <span class='ocrx_word' id='word_1_170' title='bbox 812 3293 1116 3402; x_wconf 86' lang='lat' dir='ltr'><strong>refrigeratoque</strong></span> 
     </span>
     <span class='ocr_line' id='line_1_26' title="bbox 106 3419 1210 3520; baseline -0.001 -25"><span class='ocrx_word' id='word_1_171' title='bbox 106 3421 249 3495; x_wconf 89' lang='lat' dir='ltr'><strong>ibidem</strong></span> <span class='ocrx_word' id='word_1_172' title='bbox 277 3419 419 3492; x_wconf 80' lang='lat' dir='ltr'><strong>viscido</strong></span> <span class='ocrx_word' id='word_1_173' title='bbox 447 3443 490 3491; x_wconf 86' lang='lat' dir='ltr'><strong>ac</strong></span> <span class='ocrx_word' id='word_1_174' title='bbox 522 3419 706 3518; x_wconf 90' lang='lat' dir='ltr'><strong>polyposo</strong></span> <span class='ocrx_word' id='word_1_175' title='bbox 731 3421 912 3518; x_wconf 84' lang='lat' dir='ltr'><strong>sanguine</strong></span> <span class='ocrx_word' id='word_1_176' title='bbox 937 3421 1108 3520; x_wconf 88' lang='lat' dir='ltr'><strong>undique</strong></span> <span class='ocrx_word' id='word_1_177' title='bbox 1205 3438 1210 3454; x_wconf 90' lang='lat'><em>&#39;</em></span> 
     </span>
     <span class='ocr_line' id='line_1_27' title="bbox 109 3536 1109 3637; baseline -0.002 -27"><span class='ocrx_word' id='word_1_178' title='bbox 109 3539 353 3637; x_wconf 83' lang='lat' dir='ltr'><strong>compleatur.</strong></span> <span class='ocrx_word' id='word_1_179' title='bbox 364 3538 440 3624; x_wconf 90' lang='lat' dir='ltr'><strong>sic,</strong></span> <span class='ocrx_word' id='word_1_180' title='bbox 457 3551 501 3608; x_wconf 92' lang='lat' dir='ltr'><strong>ut</strong></span> <span class='ocrx_word' id='word_1_181' title='bbox 516 3538 597 3608; x_wconf 84' lang='lat' dir='ltr'><strong>cavi</strong></span> <span class='ocrx_word' id='word_1_182' title='bbox 611 3552 802 3610; x_wconf 87' lang='lat' dir='ltr'><strong>remaneat</strong></span> <span class='ocrx_word' id='word_1_183' title='bbox 822 3536 939 3626; x_wconf 91' lang='lat' dir='ltr'><strong>nihil,</strong></span> <span class='ocrx_word' id='word_1_184' title='bbox 956 3563 1032 3636; x_wconf 87' lang='lat' dir='ltr'><strong>qua</strong></span> <span class='ocrx_word' id='word_1_185' title='bbox 1050 3563 1109 3610; x_wconf 88' lang='lat' dir='ltr'><strong>ra·</strong></span> 
     </span>
     <span class='ocr_line' id='line_1_28' title="bbox 106 3654 1109 3752; baseline 0 -22"><span class='ocrx_word' id='word_1_186' title='bbox 106 3660 211 3730; x_wconf 90' lang='lat' dir='ltr'><strong>tione</strong></span> <span class='ocrx_word' id='word_1_187' title='bbox 240 3656 394 3728; x_wconf 85' lang='lat' dir='ltr'><strong>alteram</strong></span> <span class='ocrx_word' id='word_1_188' title='bbox 413 3654 552 3728; x_wconf 88' lang='lat' dir='ltr'><strong>Halleri</strong></span> <span class='ocrx_word' id='word_1_189' title='bbox 572 3654 626 3752; x_wconf 82' lang='lat' dir='ltr'><strong>(a)</strong></span> <span class='ocrx_word' id='word_1_190' title='bbox 650 3655 951 3734; x_wconf 83' lang='lat' dir='ltr'><strong>observationem</strong></span> <span class='ocrx_word' id='word_1_191' title='bbox 966 3654 1109 3730; x_wconf 84' lang='lat' dir='ltr'><strong>facilius</strong></span> 
     </span>
     <span class='ocr_line' id='line_1_29' title="bbox 101 3827 1105 3856; baseline -0.002 0"><span class='ocrx_word' id='word_1_192' title='bbox 101 3827 1105 3856; x_wconf 56' lang='lat'><em>&gt;................-...............................</em></span> 
     </span>
    </p>

    <p class='ocr_par' dir='ltr' id='par_1_5' title="bbox 149 3941 489 4022">
     <span class='ocr_line' id='line_1_30' title="bbox 149 3941 489 4022; baseline -0.015 -22"><span class='ocrx_word' id='word_1_193' title='bbox 149 3941 195 4022; x_wconf 88' lang='grc' dir='ltr'><strong>(ι)</strong></span> <span class='ocrx_word' id='word_1_194' title='bbox 214 3943 307 4017; x_wconf 85' lang='lat' dir='ltr'><strong>Epist.</strong></span> <span class='ocrx_word' id='word_1_195' title='bbox 325 3959 375 4012; x_wconf 89' lang='lat'><strong>17,</strong></span> <span class='ocrx_word' id='word_1_196' title='bbox 393 3959 424 3996; x_wconf 85' lang='lat' dir='ltr'><strong>n.</strong></span> <span class='ocrx_word' id='word_1_197' title='bbox 441 3957 489 4015; x_wconf 78' lang='lat'><strong>²9·</strong></span> 
     </span>
    </p>

    <p class='ocr_par' dir='ltr' id='par_1_6' title="bbox 146 4039 525 4119">
     <span class='ocr_line' id='line_1_31' title="bbox 146 4039 525 4119; baseline -0.013 -21"><span class='ocrx_word' id='word_1_198' title='bbox 146 4039 192 4119; x_wconf 79' lang='lat' dir='ltr'><strong>(a)</strong></span> <span class='ocrx_word' id='word_1_199' title='bbox 211 4043 321 4118; x_wconf 86' lang='lat' dir='ltr'><strong>Opusc.</strong></span> <span class='ocrx_word' id='word_1_200' title='bbox 336 4039 387 4097; x_wconf 85' lang='lat' dir='ltr'><strong>cit.</strong></span> <span class='ocrx_word' id='word_1_201' title='bbox 399 4040 466 4100; x_wconf 70' lang='lat' dir='ltr'><strong>oba·</strong></span> <span class='ocrx_word' id='word_1_202' title='bbox 480 4057 525 4114; x_wconf 81' lang='lat'><strong>¹9·</strong></span> 
     </span>
    </p>
   </div>
   <div class='ocr_carea' id='block_1_5' title="bbox 0 0 1416 4668">
    <p class='ocr_par' dir='ltr' id='par_1_7' title="bbox 0 0 1416 4668">
     <span class='ocr_line' id='line_1_32' title="bbox 0 0 1416 4668; baseline 0 3"><span class='ocrx_word' id='word_1_203' title='bbox 0 0 1416 4668; x_wconf 95' lang='lat' dir='ltr'><strong> </strong></span> 
     </span>
    </p>
   </div>
  </div>
 </body>
</html>
