2800 4674
302 431 351 530 96
466 447 513 496 nr
539 443 685 494 sumnus
709 443 754 492 rr
778 443 902 493 crusis
928 427 1139 496 norronnir

303 569 436 638 cursim
458 559 623 657 inspexi,
643 573 680 628 et
704 558 865 656 graviter
889 557 1045 656 quidem
1065 561 1171 634 iaesos
1199 559 1317 636 fuisse

301 681 476 767 memini3
491 675 557 749 sed
569 699 612 748 ea
626 689 751 746 tamen
771 673 931 772 nigredo
945 700 967 745 a
982 699 1181 774 gangraena
1193 696 1316 765 esset,

302 825 350 874 an
369 823 390 870 a
409 794 608 892 sangnine,
625 792 693 889 qui
711 815 790 862 non
808 791 860 862 ita
876 815 1032 889 prorsus
1045 795 1085 864 in
1102 819 1239 866 eorum
1250 822 1317 868 vn-

303 919 353 990 sis
369 912 611 998 substitisset,
627 925 670 981 ut
688 908 736 980 ad
757 933 995 1007 gangrenam
1013 907 1226 986 faciendam
1252 939 1316 988 re-

304 1033 488 1131 quiritur,
507 1027 726 1098 adnotatum
743 1049 823 1096 non
839 1025 963 1098 habeo
972 1079 985 1114 ,
1003 1041 1047 1099 ut
1063 1037 1189 1128 neque
1201 1032 1317 1106 intel-

191 1227 207 1247 „
302 1147 545 1249 lig0,durine
562 1159 704 1232 essent,
726 1167 774 1216 an
788 1148 816 1215 α’
829 1141 1008 1240 sphacelo
1020 1144 1133 1218 laxati
1156 1163 1195 1219 et
1215 1150 1316 1222 mol·
1397 1131 1399 1212 i

303 1267 379 1354 les,
396 1289 482 1338 eum
499 1262 691 1366 Lancisius
707 1261 747 1331 in
764 1279 921 1334 romana
935 1261 998 1334 illa
1020 1263 1231 1361 epidemica
1248 1291 1315 1365 pe·

304 1379 850 1484 ripneumnnin(r)proecordia
857 1382 1029 1458 rubentia
1044 1405 1162 1479 usque
1172 1383 1230 1454 ad
1238 1383 1317 1454 drit-

297 1503 490 1602 phragma
512 1495 625 1570 fuisse
652 1499 818 1594 scripsit3
841 1515 879 1570 et
892 1505 1118 1596 nigricantia
1134 1508 1317 1598 sangunre

306 1634 456 1704 coacto,
476 1616 515 1687 id
530 1629 603 1703 est,
618 1629 662 1686 ut
677 1611 835 1688 inferius
847 1615 903 1712 (2)
917 1617 1106 1716 loquitur,
1121 1620 1262 1707 rubra,
1282 1633 1319 1690 et

178 1769 184 1776 ·
305 1735 480 1836 sphacelo
501 1747 657 1804 tentata.
669 1736 813 1804 Verum
829 1748 1039 1832 utcumque
1057 1733 1097 1806 id
1110 1732 1248 1825 fuerit,
1260 1737 1318 1808 hae

306 1878 439 1926 omnes
455 1851 680 1952 pulmonum
699 1847 822 1938 labes,
847 1853 887 1922 in
919 1852 1058 1950 quibus
1083 1875 1317 1926 commemo·

304 1971 433 2046 randis
451 1995 512 2044 me
540 1993 559 2040 a
581 1969 779 2068 proposito
798 1968 992 2042 divertisse
1013 1967 1169 2043 fortasse
1193 1971 1316 2044 credi-

305 2090 425 2177 deris,
442 2087 669 2160 videnturne
692 2085 760 2158 tibi
779 2087 966 2182 ejusmodi
984 2111 1083 2176 esse,
1109 2104 1152 2160 ut
1173 2091 1206 2160 si
1228 2113 1315 2162 cum

306 2208 445 2307 pleurae
481 2206 608 2292 noxis,
633 2206 875 2301 quantumvis
896 2205 1091 2302 gravibus,
1118 2231 1315 2278 nonnum-

308 2349 422 2422 quam
436 2324 661 2421 jungantur,
687 2321 746 2393 his
767 2321 913 2420 potius,
932 2347 1047 2422 quam
1065 2323 1155 2413 illis,
1177 2323 1316 2397 debeas

307 2465 493 2539 aegrorum
523 2440 718 2512 interitum
737 2441 945 2538 imputare?
966 2442 1139 2514 Lancisio
1156 2442 1196 2513 id
1213 2457 1315 2514 certe

306 2584 387 2630 non
404 2573 460 2632 est
474 2559 612 2646 visum,
633 2559 701 2654 qui
715 2556 776 2630 vel
795 2582 860 2630 eos
878 2557 1076 2656 inquibus
1096 2561 1193 2630 rami
1211 2585 1317 2632 venae

306 2681 437 2774 Azygae
456 2675 581 2746 lateris
598 2676 763 2772 primum
775 2673 999 2747 inflammati
1012 2682 1209 2748 innui-ires
1218 2679 1319 2748 abie-

306 2810 406 2882 rant,
415 2793 463 2864 ad
470 2819 531 2866 me
542 2792 763 2890 scripsit(3),
771 2817 821 2862 esc
828 2817 929 2866 sceva
939 2793 1094 2890 quidem
1098 2793 1320 2893 pleuritisle,

306 2911 376 2984 sed
386 2918 426 2982 in
435 2915 801 3012 peripneumoniam,
819 2925 858 2982 et
872 2917 971 3010 septi
984 2913 1319 3009 inflammationem

295 3031 528 3122 facessente,
539 3028 638 3100 diem
656 3052 764 3098 suum
780 3028 925 3100 obiisse.
941 3030 1042 3118 Quin
1059 3029 1210 3100 Riveriu
1227 3031 1319 3127 ipsi,

307 3147 399 3218 dum
421 3147 648 3218 contrariam
663 3158 834 3217 tueretur
853 3147 1095 3234 sententiam,
1106 3147 1244 3218 veritas
1259 3171 1319 3218 ex·

307 3266 443 3362 pressit
453 3262 568 3336 verba
580 3263 679 3351 haec,
694 3288 777 3360 quae
789 3261 1086 3366 insepulchreto
1096 3261 1320 3361 quoqueffi)

308 3395 378 3452 ate
387 3382 639 3478 reperientur,
653 3373 841 3479 nobisque
850 3381 937 3454 satis
947 3404 1026 3454 esse
1035 3379 1194 3454 debent:
1203 3379 1319 3480 pleu-

412 3899 537 3956 Dissert.
553 3897 589 3952 de
600 3913 677 3952 vena
694 3895 757 3952 sine
769 3896 846 3970 pari.

413 4001 491 4057 Seet.
508 3996 564 4057 bae
577 3997 643 4054 obs.
661 4002 712 4068 rt,
729 3999 745 4066 ς
762 4003 791 4064 t.
