2824 4668
147 421 215 470 cm.
243 421 283 472 11.
312 419 359 468 nr
384 405 521 466 nonnis
545 415 744 486 monacis,
769 416 882 466 amsa.
907 419 1004 467 xxrv.
1034 399 1105 497 28‘9

98 535 204 632 isque
223 555 303 607 non
323 554 432 607 secus
452 545 566 628 atque
585 529 649 602 ille
668 528 715 602 de
739 553 815 628 quo
829 532 1022 607 institutus
1042 535 1106 608 hic

99 676 222 757 sermo
237 665 311 743 est,
331 676 376 722 cx
387 649 592 747 improviso
614 647 718 720 obiit.
737 649 836 738 Quid
856 652 956 722 enim
982 667 1106 750 potest

99 793 166 852 cor
182 769 325 865 majus,
338 767 406 838 ubi
417 767 498 862 ejus
511 763 615 836 fibrae
631 763 790 836 infirma
802 782 906 855 sunt,
926 770 998 842 nisi
1019 771 1104 870 plus

98 888 290 986 sanguinis
301 885 515 972 admittere,
536 907 652 980 quam
660 883 780 958 valeat
790 882 1015 958 extrudere?
1030 892 1103 966 Im-

96 1003 248 1102 plentur
259 1003 385 1100 itaque
405 1024 557 1098 necesse
574 1009 647 1092 est,
667 1025 789 1098 eoque
809 1005 927 1101 magis
946 1003 1102 1078 laxetur.

96 1122 218 1219 Magis
236 1135 381 1209 autem,
399 1119 593 1217 magisque
610 1119 791 1208 laxatum,
810 1122 937 1195 minus
953 1126 1104 1220 sangui-

96 1238 172 1327 nis,
197 1238 414 1336 minorique
432 1262 520 1308 cum
546 1237 583 1308 vi
601 1239 641 1308 in
658 1239 813 1310 arterias
832 1239 971 1334 ejiciet,
1002 1241 1104 1318 unde

92 1356 230 1453 pulsus
241 1356 403 1453 parritas
421 1379 463 1426 ac
482 1353 664 1428 debilitas
681 1357 826 1428 Laxitas
847 1372 972 1429 autem
990 1356 1106 1432 'fibra-

93 1463 183 1546 rum
202 1472 345 1562 cordis‚
366 1475 478 1545 etiam
496 1473 536 1542 in
556 1473 756 1569 pericardii
769 1497 867 1572 aqua
884 1499 964 1545 non
982 1499 1104 1550 mace·

90 1593 186 1682 rati,
205 1606 309 1663 tanta
325 1588 529 1687 aliquando
543 1612 622 1660 esse
637 1603 829 1686 potest,ut
839 1605 876 1662 et
886 1615 953 1661 cor
965 1575 1107 1666 sensim¹
1153 1611 1156 1619 “

91 1709 370 1808 amplissimum
389 1705 473 1796 fiat,
490 1719 529 1776 et
543 1705 639 1776 nulli
656 1705 822 1801 denique
841 1706 973 1802 pulsus
986 1711 1106 1805 perci-

91 1828 263 1924 piantur.
273 1823 489 1916 Quodineo
497 1821 923 1919 acciditjuvene,quem
935 1826 1106 1924 supra(r)

91 1967 254 2040 quoque
271 1939 667 2026 commemoravimus,
692 1940 732 2009 in
758 1954 924 2011 extrema
949 1941 1108 2038 epistola

91 2060 292 2160 descripto
307 2061 404 2130 XXI.
425 2056 540 2152 Cujus
554 2068 624 2154 ega
641 2055 807 2152 juvenis,
824 2071 861 2128 et
876 2059 947 2126 viri
966 2061 1105 2156 pariter

89 2178 143 2250 de
155 2202 236 2274 quo
248 2175 432 2248 hactenus
444 2174 594 2246 locutus
603 2199 703 2260 sum,
713 2172 994 2249 observationes
1006 2201 1107 2275 spec·

87 2292 248 2382 tabam,
271 2315 357 2364 cum
383 2291 459 2362 dixi
481 2289 526 2362 cl.
556 2291 672 2386 hujus
688 2293 882 2389 'gymnasii
900 2292 1107 2390 professori

89 2409 329 2484 Homobono
343 2409 467 2482 Pisoni
476 2406 550 2506 (a),
561 2420 620 2480 mc
630 2405 769 2480 vidisse
784 2407 908 2482 corda
925 2433 1105 2513 augmen·-

89 2544 176 2600 tum
196 2524 403 2626 compulsu
416 2525 519 2596 exili.
943 2537 949 2548 ’

81 2681 87 2694 ·
145 2645 204 2720 16.
226 2646 314 2718 Seni
332 2667 485 2742 quoque
496 2629 713 2734 macilento,
733 2667 848 2742 quem
861 2669 963 2720 anno
983 2650 1105 2721 secui*

86 2788 182 2838 mus
200 2761 291 2861 1743
311 2772 440 2834 mense
456 2761 670 2850 decembri,
686 2763 817 2860 pulsus
835 2759 984 2836 fuerant
1005 2764 1107 2838 debi-

86 2883 170 2974 les,
185 2896 225 2954 et
243 2881 348 2981 parvi
360 2880 530 2978 quidem,
549 2879 614 2952 sed
627 2882 781 2952 minime
795 2883 1104 2974 intermittentes,

87 3025 187 3074 cum
204 3015 361 3098 propter
378 3004 665 3086 incarceratam,
683 3013 726 3069 ut
742 3015 898 3088 vocant,
911 3016 1105 3080 enteroce-

85 3117 176 3207 len,
193 3117 319 3190 illatus
344 3129 399 3190 est
425 3118 465 3186 in
486 3117 751 3188 nosocomium
779 3118 1009 3190 Patavinum.
1031 3121 1106 3210 Qui

85 3251 183 3332 ante
201 3233 306 3308 hunc
321 3233 500 3308 morbum
517 3235 570 3306 sic
584 3249 722 3323 essent,
736 3257 784 3304 an
798 3235 924 3332 potius
934 3234 984 3308 ob
1001 3235 1107 3310 hunc

85 3357 243 3454 ipsum,
262 3375 405 3424 cumea
420 3355 687 3426 intestinorum
705 3350 999 3425 inflammatione
1014 3377 1104 3426 con·

84 3473 286 3570 iunctum,
302 3483 345 3541 ut
363 3469 435 3541 cita
453 3493 556 3573 mors
573 3493 727 3541 omnem
747 3471 979 3544 curationem
1001 3487 1107 3544 ante-

84 3589 264 3679 verterit,
274 3589 342 3662 etsi
351 3610 423 3685 pro
434 3603 537 3660 certo
547 3587 643 3660 scire
654 3612 732 3658 non
743 3589 870 3686 potui3
886 3604 1012 3661 tamen
1023 3613 1106 3686 quae

129 3871 184 4054 ((3
201 3877 350 4050 idaiam
362 3971 502 4052 spicileg.
515 3971 661 4028 curation.
675 3990 699 4028 s.
717 3977 750 4039 t,
765 3971 831 4027 obs.
847 3989 859 4026 1
876 3969 908 4024 in
917 3967 969 4026 fin.

172 4071 206 4149 3.
649 4113 650 4124 κ
892 4092 936 4172 19
