2808 4664
308 455 401 550 252¹
474 477 520 524 or.
546 474 691 524 seorsus
715 475 758 522 nr
784 471 907 522 causis
932 473 1142 526 nonroaurr

305 594 433 680 licere3
446 592 523 662 imo
535 603 628 662 tunc
636 588 829 660 universas
839 583 989 662 efficere
1000 591 1170 688 quadam
1184 617 1308 690 posse,

305 735 388 808 quae
414 708 569 807 singulae
587 731 826 804 nequaquam
853 722 1016 804 possent.
1045 709 1227 780 Praeclara
1247 713 1307 782 illa

303 853 457 926 quoquc
487 843 574 900 sunt
594 824 666 922 (r)
684 853 693 896 ε
712 849 873 923 quarum
904 851 1119 916 causarum,
1147 829 1306 900 morbo-

306 971 437 1018 rumve
459 943 651 1045 ambigua,
663 958 700 1014 et
719 941 881 1014 obscura
903 957 991 1018 sunt
1009 945 1131 1042 signa,
1150 945 1308 1019 assiduis

307 1061 642 1162 perquisitionibus
656 1085 734 1134 esse
746 1085 767 1132 a
780 1061 935 1136 medicis
950 1085 1104 1160 operam
1119 1061 1306 1153 dandam,

308 1197 350 1254 ut
375 1179 579 1278 aliquando
609 1179 871 1250 illustrentur:
895 1179 999 1276 quod
1024 1181 1091 1252 etsi
1124 1182 1308 1278 consequi

306 1323 386 1370 non
401 1299 612 1396 potuerint,
627 1322 714 1368 eum
726 1299 868 1370 interea
882 1295 1046 1370 fructum
1059 1313 1243 1396 capturos
1253 1313 1308 1386 ,ut

305 1418 346 1488 in
373 1415 683 1515 pronunciando,
713 1415 959 1514 curandoque
990 1417 1179 1488 cautiores
1213 1417 1309 1504 sint,

306 1533 575 1632 physicamque
589 1533 787 1630 adjuvent,
802 1536 842 1606 in
861 1559 956 1632 qua,
973 1532 1130 1606 historia
1151 1533 1309 1606 morbo·

305 1677 389 1723 rum
419 1651 613 1739 omnium,
639 1649 778 1748 qulbus
810 1650 984 1722 homines
1012 1650 1169 1722 obnoxii
1200 1668 1307 1738 sunt,

306 1769 476 1865 quamvis
501 1792 580 1839 non
607 1769 679 1840 nisi
708 1777 794 1866 post
820 1766 966 1840 obitum
992 1783 1145 1866 pateant
1172 1768 1307 1867 aliqui,

305 1887 386 1985 ipsa
402 1912 471 1986 per
491 1911 529 1960 se
546 1886 659 1985 digna
678 1901 733 1959 est
752 1911 833 1984 quae
852 1887 1008 1958 minime
1028 1887 1239 1983 ignoretur.
1265 1891 1308 1959 At

307 2005 355 2089 si,
370 2004 474 2076 velut
491 2006 530 2076 in
547 2003 720 2102 pluribus
740 2002 996 2101 palpitationis
1011 2004 1132 2076 'causis
1151 2001 1306 2076 feliciter

307 2123 484 2220 contigit,
507 2121 650 2194 accidat
673 2121 861 2218 denique,
880 2135 923 2220 ut
944 2113 1030 2194 sa'tis
1047 2122 1307 2193 internoscan-

305 2253 387 2328 tur3
401 2255 542 2337 quanta
553 2239 641 2312 inde
660 2240 798 2312 utilitas
813 2238 860 2310 ad
873 2237 1153 2338 predicendum
1166 2240 1306 2325 existat,

304 2371 448 2456 quanta
467 2357 515 2436 ad
533 2357 765 2446 curandum,
784 2346 1011 2450 nihil‚'mihi
1029 2355 1165 2446 crede,
1190 2372 1307 2428 osten·

307 2473 396 2546 dere
422 2475 556 2547 clarius
575 2489 717 2574 potest,
734 2499 848 2572 quam
868 2474 1055 2572 quidquid
1073 2489 1160 2574 post
1181 2501 1308 2548 causa·

306 2617 392 2664 rum
410 2617 567 2666 examen
589 2593 651 2664 hic
673 2617 841 2666 summus
868 2591 1081 2679 Archiater,
1107 2594 1257 2664 ratione
1276 2608 1309 2664 et

308 2712 535 2807 experientia
562 2708 694 2798 fretus,
716 2712 866 2808 partite,
886 2725 923 2782 et
949 2711 1102 2808 copiose
1126 2711 1167 2780 in
1191 2711 1307 2782 multo

307 2829 441 2924 majori
466 2827 753 2928 parte-subjicit
776 2827 930 2899 indicati
956 2828 1085 2925 capitis
1109 2826 1157 2898 de
1186 2827 1308 2899 cordis

307 2945 563 3044 palpitatione.
582 2947 666 3035 Quo
684 2946 868 3043 perlect0‚
885 2944 988 3018 haud
1011 2944 1171 3042 amplius
1199 2946 1308 3016 mira-

305 3062 470 3151 beris,in
488 3079 589 3166 tanta
601 3063 824 3134 auxiliorum
837 3064 967 3161 copia,
984 3088 1067 3160 quae
1079 3077 1226 3136 veteres
1240 3087 1307 3134 no·

303 3178 362 3254 bis
387 3182 564 3254 adversus
590 3182 692 3253 illam
709 3181 969 3278 reliquerunt,
994 3195 1052 3258 tot·
1077 3180 1216 3279 passim
1244 3203 1307 3252 oc-

307 3323 477 3387 currere,
497 3324 662 3396 quorum
682 3299 753 3370 alia
772 3298 852 3370 aliis
874 3313 1088 3398 repugnent
1104 3296 1307 3370 evidentis·
1395 3297 1396 3302 ’

307 3416 409 3488 sime‘.
434 3421 528 3487 Cum
553 3418 654 3487 enim
680 3415 934 3514 palpitationis
961 3439 1076 3488 causac
1096 3429 1176 3486 tarn
1197 3417 1302 3486 varia
1395 3503 1396 3510 ἵ

306 3533 401 3620 sint,
425 3546 462 3604 et
487 3533 656 3630 quaedam
680 3533 775 3604 adeo
804 3533 903 3606 inter
926 3557 964 3606 se
987 3532 1172 3619 adversae3
1198 3533 1306 3601 variis
1395 3609 1396 3628 χ

307 3674 461 3748 quoque
482 3651 655 3748 singulae,·
670 3651 909 3749 adversisque
924 3648 1100 3722 remediis
1117 3649 1310 3720 nonnulla

344 4019 388 4098 (r)
409 4023 464 4080 Ch.
480 4020 558 4092 5,u.
575 4041 601 4080 r.
