2816 4668
292 435 364 525 436
404 515 409 526 ,
457 457 677 508 resumens
704 459 747 506 nr
773 459 899 508 causis
926 459 1136 513 nonnonmt

290 570 402 645 facies
428 586 507 644 erat
534 572 738 670 inaequalis.
767 576 909 644 Verum
934 573 1001 646 ubi
1028 592 1189 650 ventum
1222 597 1305 654 erat

287 713 408 787 prope
429 689 595 762 valvulas
612 689 884 776 scmilunares,
906 715 989 788 quae
1003 694 1177 792 strigosae
1197 699 1302 772 vide·

288 806 457 892 bantur,
487 804 690 902 semidigiti
725 806 923 880 intervallo
956 832 1070 907 supra
1102 837 1189 882 eam
1218 840 1301 910 quae

287 917 700 1021 tenct'posteriora,erat
712 920 899 995 orificium
912 925 1017 1022 quod
1029 929 1179 1026 apicem
1195 930 1301 1029 digiti
1398 987 1399 990 ,

288 1042 436 1140 pollicis
458 1039 691 1127 admisisset,
712 1063 782 1137 per
803 1041 908 1137 quod
932 1057 1037 1116 aorta
1054 1068 1143 1116 cum
1165 1047 1299 1120 subro-

287 1158 409 1252 tundo
420 1171 682 1254 aneurysmate
692 1156 1169 1248 communicabat,sacculi
1179 1162 1298 1238 forma

288 1275 336 1348 ad
360 1277 478 1372 ipsam
499 1275 665 1373 appensi.
685 1273 891 1372 Superabat
908 1276 939 1347 is
957 1278 1131 1360 sacculus
1157 1305 1297 1354 nucem
1398 1301 1399 1352 ὲ

285 1391 506 1490 juglandem
533 1415 601 1464 suo
623 1389 735 1462 viridi
758 1389 929 1467 indutam
948 1396 1108 1468 cortice:
1123 1411 1242 1494 atque
1252 1400 1297 1470 ita

288 1524 406 1581 erata
426 1523 532 1608 tergo
550 1523 662 1582 aortae
685 1507 916 1597 collocatus,
934 1524 976 1582 ut
995 1535 1083 1582 cum
1103 1515 1299 1586 sinistror-
1398 1527 1399 1530 ’

288 1651 373 1715 sum
385 1626 562 1698 nonnihil
573 1621 919 1724 vergeret,officiis
936 1627 1130 1716 videretur
1141 1633 1296 1706 sinistre
1398 1699 1399 1740 ,

287 1744 665 1840 auriculae,adjective
674 1744 778 1816 sinus
789 1769 868 1816 non
879 1743 1010 1818 obesse
1020 1771 1100 1819 non
1110 1752 1291 1846 potuisse.

286 1867 431 1962 Ru'ptus
447 1877 572 1936 autem
590 1862 629 1932 in
644 1885 796 1954 summo
810 1859 932 1957 luerat
946 1887 969 1932 a
984 1867 1173 1962 sanguine
1191 1868 1293 1938 illinc

286 1982 327 2052 in
334 1979 589 2080 pericardium
599 1977 813 2052 exundante
828 2004 897 2078 per
908 1980 1097 2052 mediocre
1109 1981 1294 2074 foramen,

288 2099 395 2195 cujus
408 2123 481 2170 orae
497 2112 602 2172 erant
614 2097 745 2195 nigrae,
757 2111 795 2168 et
805 2096 1021 2170 dilaceratae.
1037 2101 1183 2173 Sacculi
1199 2105 1294 2174 inte·

288 2218 429 2290 riorem
444 2214 576 2288 faciem
588 2213 711 2288 rubrae
727 2214 910 2312 pelliculae
929 2216 1218 2316 convestiebant
1232 2244 1294 2316 po·

287 2334 560 2432 lyposae,quas,
574 2349 616 2406 ut
633 2331 676 2405 fit
693 2334 732 2404 in
747 2335 872 2431 caepis,
884 2331 990 2408 facile
1002 2358 1133 2432 posses
1142 2339 1184 2406 in
1201 2353 1293 2435 quot

198 2507 204 2516 ,
288 2450 424 2524 liberet
433 2450 611 2525 dividere.
623 2455 667 2522 In
679 2450 1060 2540 auriculisautem,et
1069 2455 1292 2528 ventriculis

248 2588 251 2596 '
290 2566 416 2642 cordis
435 2592 560 2667 neque
581 2583 660 2640 erat
675 2567 752 2640 ulla
769 2567 953 2666 polyposa
974 2571 1174 2642 concretio
1193 2625 1209 2661 ,
1225 2595 1292 2644 nec

290 2701 482 2785 supererat
494 2686 684 2785 sanguinis
693 2684 913 2784 quidquam.
930 2687 995 2759 His
1009 2689 1060 2758 ita
1070 2692 1296 2787 perspectis,

291 2803 338 2876 ad
353 2819 524 2893 uterum,
550 2804 695 2892 ovaria,
718 2817 755 2874 et
775 2803 890 2883 tubas·
909 2805 1041 2879 oculos
1063 2819 1102 2876 et
1128 2807 1294 2878 cultrum

291 2923 470 2994 converti.
491 2921 681 2996 Tubarum
697 2917 811 2990 altera
835 2945 920 2993 cum
945 2920 1063 3003 altero
1085 2922 1206 2992 orarii
1238 2947 1294 2995 ex·

287 3023 413 3118 'tremo
445 3036 610 3109 habehat
640 3059 756 3110 suam·
777 3036 946 3110 nltimam
975 3053 1121 3134 partem
1154 3063 1293 3112 conna-

290 3170 377 3226 tam.
392 3160 477 3226 Haec
497 3168 621 3226 autem
639 3153 770 3224 eratin
784 3167 945 3251 utraque
960 3179 1115 3252 prorsus
1130 3155 1295 3246 occlusa,

291 3287 334 3342 ut
347 3295 472 3368 neque
491 3269 700 3357 orificium,
727 3293 850 3368 neque
865 3269 1025 3355 ‚fimbria
1048 3297 1214 3370 usquam
1236 3300 1295 3374 ap-

290 3401 477 3486 parerent.
510 3392 605 3460 Cum
621 3411 713 3458 vero
732 3387 780 3458 ad
807 3401 1050 3486 campartem
1078 3406 1175 3464 esset
1204 3391 1296 3464 tuba

290 3520 451 3601 utraque
484 3504 677 3600 aliquanto
704 3503 815 3614 latior
847 3529 962 3603 quam
998 3505 1147 3594 soleat,
1178 3510 1296 3584 incisa

291 3621 463 3696 exhibuit
496 3620 689 3717 aliquanto
718 3621 829 3692 etiam
859 3621 975 3720 plus,
1006 3647 1121 3721 quam
1149 3625 1295 3714 soleat,

290 3739 462 3812 humoris
479 3736 579 3810 illius
594 3738 670 3825 sui,
689 3739 754 3834 qui
773 3761 844 3835 pro
868 3739 966 3832 ririli
979 3740 1123 3814 semine
1138 3740 1292 3816 abnon·
1396 3721 1397 3742 i

288 3856 404 3930 nullis
419 3870 595 3954 acceptus
618 3869 692 3942 est,
716 3854 781 3928 scd
804 3854 876 3926 hoc
902 3857 1071 3955 spissior,
1094 3872 1131 3930 et
1157 3859 1200 3928 in
1219 3857 1292 3930 fine

286 3975 400 4055 etiam
438 3971 691 4052 subcruentus
720 3973 906 4071 prodibat.
943 3975 1169 4050 Ovariorum
1200 3973 1291 4047 illud

1394 4139 1396 4268 l
