<?xml version="1.0" encoding="UTF-8"?>
<!DOCTYPE html PUBLIC "-//W3C//DTD XHTML 1.0 Transitional//EN"
    "http://www.w3.org/TR/xhtml1/DTD/xhtml1-transitional.dtd">
<html xmlns="http://www.w3.org/1999/xhtml" xml:lang="en" lang="en">
 <head>
  <title>
</title>
<meta http-equiv="Content-Type" content="text/html;charset=utf-8" />
  <meta name='ocr-system' content='tesseract 3.04.00' />
  <meta name='ocr-capabilities' content='ocr_page ocr_carea ocr_par ocr_line ocrx_word'/>
</head>
<body>
  <div class='ocr_page' id='page_1' title='image "./desedibusetcaus01adelgoog_0430.png"; bbox 0 0 2816 4668; ppageno 0'>
   <div class='ocr_carea' id='block_1_1' title="bbox 135 453 1086 541">
    <p class='ocr_par' dir='ltr' id='par_1_1' title="bbox 135 453 1086 541">
     <span class='ocr_line' id='line_1_1' title="bbox 135 453 1086 541; baseline 0.015 -29"><span class='ocrx_word' id='word_1_1' title='bbox 135 465 204 513; x_wconf 76' lang='lat' dir='ltr'><strong>nni.</strong></span> <span class='ocrx_word' id='word_1_2' title='bbox 231 465 271 512; x_wconf 91' lang='grc' dir='ltr'><strong>ιι.</strong></span> <span class='ocrx_word' id='word_1_3' title='bbox 298 466 347 515; x_wconf 71' lang='lat' dir='ltr'><strong>ns</strong></span> <span class='ocrx_word' id='word_1_4' title='bbox 371 463 507 512; x_wconf 74' lang='lat' dir='ltr'><strong>nonus</strong></span> <span class='ocrx_word' id='word_1_5' title='bbox 532 463 730 530; x_wconf 74' lang='lat' dir='ltr'><strong>morters,</strong></span> <span class='ocrx_word' id='word_1_6' title='bbox 756 467 868 517; x_wconf 75' lang='lat' dir='ltr'><strong>narsr.</strong></span> <span class='ocrx_word' id='word_1_7' title='bbox 890 471 987 522; x_wconf 81' lang='lat' dir='ltr'><strong>xxvi.</strong></span> <span class='ocrx_word' id='word_1_8' title='bbox 1015 453 1086 541; x_wconf 73' lang='grc'><strong>445</strong></span> 
     </span>
    </p>
   </div>
   <div class='ocr_carea' id='block_1_2' title="bbox 8 577 1198 3731">
    <p class='ocr_par' dir='ltr' id='par_1_2' title="bbox 8 577 1091 2787">
     <span class='ocr_line' id='line_1_2' title="bbox 8 577 1087 680; baseline 0.011 -28"><span class='ocrx_word' id='word_1_9' title='bbox 8 647 14 664; x_wconf 76' lang='grc'><em>,</em></span> <span class='ocrx_word' id='word_1_10' title='bbox 85 595 151 654; x_wconf 89' lang='lat' dir='ltr'><strong>aut</strong></span> <span class='ocrx_word' id='word_1_11' title='bbox 166 579 326 680; x_wconf 83' lang='lat' dir='ltr'><strong>specilli,</strong></span> <span class='ocrx_word' id='word_1_12' title='bbox 339 593 402 652; x_wconf 90' lang='lat' dir='ltr'><strong>aut</strong></span> <span class='ocrx_word' id='word_1_13' title='bbox 420 577 525 676; x_wconf 86' lang='lat' dir='ltr'><strong>digiti</strong></span> <span class='ocrx_word' id='word_1_14' title='bbox 537 579 716 676; x_wconf 78' lang='lat' dir='ltr'><strong>exemplis</strong></span> <span class='ocrx_word' id='word_1_15' title='bbox 735 581 774 650; x_wconf 91' lang='lat' dir='ltr'><strong>in</strong></span> <span class='ocrx_word' id='word_1_16' title='bbox 788 582 939 660; x_wconf 89' lang='lat' dir='ltr'><strong>duobus</strong></span> <span class='ocrx_word' id='word_1_17' title='bbox 956 592 1087 665; x_wconf 87' lang='lat' dir='ltr'><strong>vulne-</strong></span> 
     </span>
     <span class='ocr_line' id='line_1_3' title="bbox 10 695 1089 783; baseline 0.011 -12"><span class='ocrx_word' id='word_1_18' title='bbox 10 713 11 718; x_wconf 77' lang='grc'>’</span> <span class='ocrx_word' id='word_1_19' title='bbox 84 700 176 772; x_wconf 88' lang='lat' dir='ltr'><strong>ratis</strong></span> <span class='ocrx_word' id='word_1_20' title='bbox 193 696 415 773; x_wconf 85' lang='lat' dir='ltr'><strong>hominibus</strong></span> <span class='ocrx_word' id='word_1_21' title='bbox 434 695 611 776; x_wconf 81' lang='lat' dir='ltr'><strong>accidisse</strong></span> <span class='ocrx_word' id='word_1_22' title='bbox 630 696 795 770; x_wconf 84' lang='lat' dir='ltr'><strong>ostendit</strong></span> <span class='ocrx_word' id='word_1_23' title='bbox 825 703 1004 778; x_wconf 82' lang='lat' dir='ltr'><strong>celeberr.</strong></span> <span class='ocrx_word' id='word_1_24' title='bbox 1031 713 1089 783; x_wconf 88' lang='lat' dir='ltr'><strong>vir</strong></span> 
     </span>
     <span class='ocr_line' id='line_1_4' title="bbox 8 797 1085 914; baseline 0.013 -27"><span class='ocrx_word' id='word_1_25' title='bbox 8 806 14 914; x_wconf 42' lang='lat'><strong>,⁵</strong></span> <span class='ocrx_word' id='word_1_26' title='bbox 85 816 263 888; x_wconf 87' lang='lat' dir='ltr'><strong>Senacius</strong></span> <span class='ocrx_word' id='word_1_27' title='bbox 279 813 344 912; x_wconf 87' lang='lat'>(1).</span> <span class='ocrx_word' id='word_1_28' title='bbox 363 797 437 884; x_wconf 85' lang='lat' dir='ltr'><strong>Aut</strong></span> <span class='ocrx_word' id='word_1_29' title='bbox 457 815 487 886; x_wconf 90' lang='lat' dir='ltr'><strong>si</strong></span> <span class='ocrx_word' id='word_1_30' title='bbox 499 812 577 884; x_wconf 86' lang='lat' dir='ltr'><strong>haec</strong></span> <span class='ocrx_word' id='word_1_31' title='bbox 594 838 671 884; x_wconf 92' lang='lat' dir='ltr'><strong>non</strong></span> <span class='ocrx_word' id='word_1_32' title='bbox 689 817 776 888; x_wconf 86' lang='lat' dir='ltr'><strong>satis</strong></span> <span class='ocrx_word' id='word_1_33' title='bbox 798 823 990 910; x_wconf 89' lang='lat' dir='ltr'><strong>sunt,huc</strong></span> <span class='ocrx_word' id='word_1_34' title='bbox 1008 826 1085 900; x_wconf 91' lang='lat' dir='ltr'><strong>duo</strong></span> 
     </span>
     <span class='ocr_line' id='line_1_5' title="bbox 8 919 1088 1036; baseline 0.012 -31"><span class='ocrx_word' id='word_1_35' title='bbox 8 919 14 930; x_wconf 42' lang='lat'><strong>¹</strong></span> <span class='ocrx_word' id='word_1_36' title='bbox 85 934 289 1036; x_wconf 74' lang='lat' dir='ltr'><strong>superiora</strong></span> <span class='ocrx_word' id='word_1_37' title='bbox 299 931 516 1004; x_wconf 87' lang='lat' dir='ltr'><strong>discrimina</strong></span> <span class='ocrx_word' id='word_1_38' title='bbox 534 930 640 1002; x_wconf 84' lang='lat' dir='ltr'><strong>adde.</strong></span> <span class='ocrx_word' id='word_1_39' title='bbox 659 932 765 1005; x_wconf 85' lang='lat' dir='ltr'>Adde</span> <span class='ocrx_word' id='word_1_40' title='bbox 782 937 892 1009; x_wconf 87' lang='lat' dir='ltr'><strong>etiam</strong></span> <span class='ocrx_word' id='word_1_41' title='bbox 908 945 1088 1018; x_wconf 88' lang='lat' dir='ltr'><strong>tru‘ncum</strong></span> 
     </span>
     <span class='ocr_line' id='line_1_6' title="bbox 8 1045 1088 1159; baseline 0.012 -36"><span class='ocrx_word' id='word_1_42' title='bbox 8 1141 12 1156; x_wconf 23' lang='grc' dir='ltr'>ἱ</span> <span class='ocrx_word' id='word_1_43' title='bbox 85 1065 199 1124; x_wconf 84' lang='lat' dir='ltr'><strong>aortae</strong></span> <span class='ocrx_word' id='word_1_44' title='bbox 215 1049 478 1135; x_wconf 63' lang='lat' dir='ltr'><strong>dilatarunet</strong></span> <span class='ocrx_word' id='word_1_45' title='bbox 492 1045 598 1120; x_wconf 87' lang='lat' dir='ltr'><strong>fibris</strong></span> <span class='ocrx_word' id='word_1_46' title='bbox 609 1053 907 1152; x_wconf 76' lang='lat' dir='ltr'><strong>carneismagna</strong></span> <span class='ocrx_word' id='word_1_47' title='bbox 922 1083 967 1130; x_wconf 85' lang='lat' dir='ltr'><strong>ex</strong></span> <span class='ocrx_word' id='word_1_48' title='bbox 981 1081 1088 1159; x_wconf 86' lang='lat' dir='ltr'><strong>parte</strong></span> 
     </span>
     <span class='ocr_line' id='line_1_7' title="bbox 8 1159 1089 1278; baseline 0.012 -37"><span class='ocrx_word' id='word_1_49' title='bbox 8 1159 15 1170; x_wconf 50' lang='lat'><strong>⁹</strong></span> <span class='ocrx_word' id='word_1_50' title='bbox 85 1167 217 1256; x_wconf 82' lang='lat' dir='ltr'><strong>exesis,</strong></span> <span class='ocrx_word' id='word_1_51' title='bbox 228 1167 346 1264; x_wconf 78' lang='lat' dir='ltr'><strong>rigida</strong></span> <span class='ocrx_word' id='word_1_52' title='bbox 355 1180 480 1240; x_wconf 81' lang='lat' dir='ltr'><strong>autem</strong></span> <span class='ocrx_word' id='word_1_53' title='bbox 491 1166 650 1238; x_wconf 81' lang='lat' dir='ltr'><strong>ossicula</strong></span> <span class='ocrx_word' id='word_1_54' title='bbox 662 1169 762 1242; x_wconf 88' lang='lat' dir='ltr'><strong>intus</strong></span> <span class='ocrx_word' id='word_1_55' title='bbox 771 1167 974 1248; x_wconf 82' lang='lat' dir='ltr'><strong>habentem</strong></span> <span class='ocrx_word' id='word_1_56' title='bbox 988 1205 1089 1278; x_wconf 87' lang='lat' dir='ltr'><strong>:quae</strong></span> 
     </span>
     <span class='ocr_line' id='line_1_8' title="bbox 83 1281 1091 1394; baseline 0 -36"><span class='ocrx_word' id='word_1_57' title='bbox 83 1310 148 1358; x_wconf 84' lang='lat' dir='ltr'><strong>res</strong></span> <span class='ocrx_word' id='word_1_58' title='bbox 159 1299 341 1382; x_wconf 90' lang='lat' dir='ltr'><strong>quantum</strong></span> <span class='ocrx_word' id='word_1_59' title='bbox 356 1281 612 1356; x_wconf 88' lang='lat' dir='ltr'><strong>difficultatem</strong></span> <span class='ocrx_word' id='word_1_60' title='bbox 624 1281 782 1358; x_wconf 81' lang='lat' dir='ltr'><strong>afferant</strong></span> <span class='ocrx_word' id='word_1_61' title='bbox 799 1294 990 1389; x_wconf 84' lang='lat' dir='ltr'><strong>sanguinis</strong></span> <span class='ocrx_word' id='word_1_62' title='bbox 1003 1321 1091 1394; x_wconf 85' lang='lat' dir='ltr'><strong>pro.</strong></span> 
     </span>
     <span class='ocr_line' id='line_1_9' title="bbox 83 1398 1090 1514; baseline 0.013 -40"><span class='ocrx_word' id='word_1_63' title='bbox 83 1403 371 1491; x_wconf 46' lang='lat' dir='ltr'><strong>vectionisatis</strong></span> <span class='ocrx_word' id='word_1_64' title='bbox 388 1398 625 1472; x_wconf 82' lang='lat' dir='ltr'><strong>manifestum</strong></span> <span class='ocrx_word' id='word_1_65' title='bbox 637 1418 707 1494; x_wconf 89' lang='lat' dir='ltr'><strong>est,</strong></span> <span class='ocrx_word' id='word_1_66' title='bbox 720 1419 758 1476; x_wconf 93' lang='lat' dir='ltr'><strong>et</strong></span> <span class='ocrx_word' id='word_1_67' title='bbox 769 1408 874 1502; x_wconf 93' lang='lat' dir='ltr'><strong>quod</strong></span> <span class='ocrx_word' id='word_1_68' title='bbox 892 1420 1090 1514; x_wconf 87' lang='lat' dir='ltr'><strong>consequi-</strong></span> 
     </span>
     <span class='ocr_line' id='line_1_10' title="bbox 11 1517 1087 1629; baseline 0.015 -40"><span class='ocrx_word' id='word_1_69' title='bbox 11 1517 13 1528; x_wconf 87' lang='grc'><strong>’</strong></span> <span class='ocrx_word' id='word_1_70' title='bbox 84 1536 165 1610; x_wconf 88' lang='lat' dir='ltr'><strong>tur,</strong></span> <span class='ocrx_word' id='word_1_71' title='bbox 185 1534 329 1617; x_wconf 84' lang='lat' dir='ltr'><strong>quanto</strong></span> <span class='ocrx_word' id='word_1_72' title='bbox 350 1522 513 1615; x_wconf 87' lang='lat' dir='ltr'><strong>majores</strong></span> <span class='ocrx_word' id='word_1_73' title='bbox 536 1521 687 1616; x_wconf 84' lang='lat' dir='ltr'><strong>exigant</strong></span> <span class='ocrx_word' id='word_1_74' title='bbox 712 1523 838 1594; x_wconf 90' lang='lat' dir='ltr'><strong>cordis</strong></span> <span class='ocrx_word' id='word_1_75' title='bbox 858 1528 974 1617; x_wconf 62' lang='lat' dir='ltr'><strong>virtu,</strong></span> <span class='ocrx_word' id='word_1_76' title='bbox 1004 1558 1087 1629; x_wconf 86' lang='lat' dir='ltr'><strong>quae</strong></span> 
     </span>
     <span class='ocr_line' id='line_1_11' title="bbox 13 1633 1087 1734; baseline 0.011 -25"><span class='ocrx_word' id='word_1_77' title='bbox 13 1641 19 1700; x_wconf 89' lang='grc'><strong>’.</strong></span> <span class='ocrx_word' id='word_1_78' title='bbox 84 1661 132 1710; x_wconf 82' lang='lat' dir='ltr'><strong>ex</strong></span> <span class='ocrx_word' id='word_1_79' title='bbox 151 1637 196 1708; x_wconf 91' lang='lat' dir='ltr'><strong>iis</strong></span> <span class='ocrx_word' id='word_1_80' title='bbox 211 1661 293 1734; x_wconf 85' lang='lat' dir='ltr'><strong>quae</strong></span> <span class='ocrx_word' id='word_1_81' title='bbox 310 1635 491 1722; x_wconf 85' lang='lat' dir='ltr'><strong>diximus,</strong></span> <span class='ocrx_word' id='word_1_82' title='bbox 508 1647 551 1704; x_wconf 90' lang='lat' dir='ltr'><strong>ut</strong></span> <span class='ocrx_word' id='word_1_83' title='bbox 566 1633 793 1707; x_wconf 75' lang='lat' dir='ltr'><strong>labefactatae</strong></span> <span class='ocrx_word' id='word_1_84' title='bbox 814 1640 907 1728; x_wconf 90' lang='lat' dir='ltr'><strong>sint,</strong></span> <span class='ocrx_word' id='word_1_85' title='bbox 931 1661 1087 1721; x_wconf 87' lang='lat' dir='ltr'><strong>constat.</strong></span> 
     </span>
     <span class='ocr_line' id='line_1_12' title="bbox 83 1749 1090 1855; baseline 0.013 -31"><span class='ocrx_word' id='word_1_86' title='bbox 83 1753 200 1844; x_wconf 91' lang='lat' dir='ltr'><strong>Quod</strong></span> <span class='ocrx_word' id='word_1_87' title='bbox 221 1755 252 1848; x_wconf 83' lang='lat' dir='ltr'><strong>si</strong></span> <span class='ocrx_word' id='word_1_88' title='bbox 280 1752 358 1824; x_wconf 77' lang='lat' dir='ltr'><strong>haec</strong></span> <span class='ocrx_word' id='word_1_89' title='bbox 380 1749 477 1824; x_wconf 80' lang='lat' dir='ltr'><strong>forte</strong></span> <span class='ocrx_word' id='word_1_90' title='bbox 497 1752 583 1822; x_wconf 84' lang='lat' dir='ltr'><strong>satis</strong></span> <span class='ocrx_word' id='word_1_91' title='bbox 606 1777 685 1822; x_wconf 91' lang='lat' dir='ltr'><strong>non</strong></span> <span class='ocrx_word' id='word_1_92' title='bbox 711 1751 877 1828; x_wconf 82' lang='lat' dir='ltr'><strong>facerent</strong></span> <span class='ocrx_word' id='word_1_93' title='bbox 895 1761 1090 1855; x_wconf 84' lang='lat' dir='ltr'><strong>universa,</strong></span> 
     </span>
     <span class='ocr_line' id='line_1_13' title="bbox 12 1860 1090 1977; baseline 0.01 -36"><span class='ocrx_word' id='word_1_94' title='bbox 12 1860 14 1873; x_wconf 80' lang='lat'>&#39;</span> <span class='ocrx_word' id='word_1_95' title='bbox 85 1871 292 1968; x_wconf 89' lang='lat' dir='ltr'><strong>mallesque</strong></span> <span class='ocrx_word' id='word_1_96' title='bbox 312 1868 436 1945; x_wconf 81' lang='lat' dir='ltr'><strong>adhuc</strong></span> <span class='ocrx_word' id='word_1_97' title='bbox 458 1882 615 1966; x_wconf 89' lang='lat' dir='ltr'><strong>propter</strong></span> <span class='ocrx_word' id='word_1_98' title='bbox 636 1893 717 1958; x_wconf 68' lang='lat' dir='ltr'><strong>eant</strong></span> <span class='ocrx_word' id='word_1_99' title='bbox 737 1875 927 1970; x_wconf 84' lang='lat' dir='ltr'><strong>sanguinis</strong></span> <span class='ocrx_word' id='word_1_100' title='bbox 942 1881 1090 1977; x_wconf 85' lang='lat' dir='ltr'><strong>copiam</strong></span> 
     </span>
     <span class='ocr_line' id='line_1_14' title="bbox 11 1986 1091 2095; baseline 0.012 -37"><span class='ocrx_word' id='word_1_101' title='bbox 11 1986 15 2010; x_wconf 78' lang='lat'>‘</span> <span class='ocrx_word' id='word_1_102' title='bbox 86 2013 170 2085; x_wconf 82' lang='lat' dir='ltr'><strong>quae</strong></span> <span class='ocrx_word' id='word_1_103' title='bbox 188 1989 287 2058; x_wconf 87' lang='lat' dir='ltr'><strong>intra</strong></span> <span class='ocrx_word' id='word_1_104' title='bbox 299 1989 468 2058; x_wconf 87' lang='lat' dir='ltr'><strong>cranium</strong></span> <span class='ocrx_word' id='word_1_105' title='bbox 488 1989 681 2084; x_wconf 85' lang='lat' dir='ltr'><strong>apparuit,</strong></span> <span class='ocrx_word' id='word_1_106' title='bbox 695 1986 874 2062; x_wconf 82' lang='lat' dir='ltr'><strong>feminam</strong></span> <span class='ocrx_word' id='word_1_107' title='bbox 888 1989 986 2066; x_wconf 82' lang='lat' dir='ltr'><strong>hanc</strong></span> <span class='ocrx_word' id='word_1_108' title='bbox 999 2021 1091 2095; x_wconf 87' lang='lat' dir='ltr'><strong>apo·</strong></span> 
     </span>
     <span class='ocr_line' id='line_1_15' title="bbox 86 2102 1091 2209; baseline 0.014 -34.933"><span class='ocrx_word' id='word_1_109' title='bbox 86 2104 209 2203; x_wconf 81' lang='lat' dir='ltr'><strong>plexia</strong></span> <span class='ocrx_word' id='word_1_110' title='bbox 239 2104 365 2202; x_wconf 87' lang='lat' dir='ltr'><strong>potius</strong></span> <span class='ocrx_word' id='word_1_111' title='bbox 400 2127 516 2201; x_wconf 87' lang='lat' dir='ltr'><strong>quam</strong></span> <span class='ocrx_word' id='word_1_112' title='bbox 546 2102 782 2204; x_wconf 85' lang='lat' dir='ltr'><strong>disruptione</strong></span> <span class='ocrx_word' id='word_1_113' title='bbox 820 2117 1091 2209; x_wconf 87' lang='lat' dir='ltr'><strong>aneurysmatis</strong></span> 
     </span>
     <span class='ocr_line' id='line_1_16' title="bbox 88 2219 1091 2328; baseline 0.013 -36"><span class='ocrx_word' id='word_1_114' title='bbox 88 2219 201 2321; x_wconf 76' lang='lat' dir='ltr'><strong>fuisse</strong></span> <span class='ocrx_word' id='word_1_115' title='bbox 232 2220 438 2310; x_wconf 82' lang='lat' dir='ltr'><strong>sublatam3</strong></span> <span class='ocrx_word' id='word_1_116' title='bbox 464 2219 639 2294; x_wconf 81' lang='lat' dir='ltr'><strong>historias</strong></span> <span class='ocrx_word' id='word_1_117' title='bbox 665 2223 746 2321; x_wconf 85' lang='lat' dir='ltr'><strong>lege</strong></span> <span class='ocrx_word' id='word_1_118' title='bbox 770 2249 852 2322; x_wconf 89' lang='lat' dir='ltr'><strong>quae</strong></span> <span class='ocrx_word' id='word_1_119' title='bbox 878 2247 1091 2328; x_wconf 88' lang='lat' dir='ltr'><strong>sequuntur</strong></span> 
     </span>
     <span class='ocr_line' id='line_1_17' title="bbox 10 2325 1090 2443; baseline 0.013 -34"><span class='ocrx_word' id='word_1_120' title='bbox 10 2325 14 2396; x_wconf 61' lang='grc' dir='ltr'><em>ἕ</em></span> <span class='ocrx_word' id='word_1_121' title='bbox 90 2337 250 2413; x_wconf 89' lang='lat' dir='ltr'><strong>duarum</strong></span> <span class='ocrx_word' id='word_1_122' title='bbox 266 2339 485 2428; x_wconf 87' lang='lat' dir='ltr'><strong>mulierum,</strong></span> <span class='ocrx_word' id='word_1_123' title='bbox 496 2343 697 2438; x_wconf 81' lang='lat' dir='ltr'><strong>propositae</strong></span> <span class='ocrx_word' id='word_1_124' title='bbox 708 2341 810 2414; x_wconf 88' lang='lat' dir='ltr'><strong>haud</strong></span> <span class='ocrx_word' id='word_1_125' title='bbox 825 2346 875 2416; x_wconf 86' lang='lat' dir='ltr'><strong>ita</strong></span> <span class='ocrx_word' id='word_1_126' title='bbox 890 2346 1090 2443; x_wconf 80' lang='lat' dir='ltr'><strong>absimiles,</strong></span> 
     </span>
     <span class='ocr_line' id='line_1_18' title="bbox 88 2455 1090 2564; baseline 0.012 -36"><span class='ocrx_word' id='word_1_127' title='bbox 88 2456 162 2528; x_wconf 87' lang='lat' dir='ltr'><strong>nisi</strong></span> <span class='ocrx_word' id='word_1_128' title='bbox 178 2455 282 2553; x_wconf 92' lang='lat' dir='ltr'><strong>quod</strong></span> <span class='ocrx_word' id='word_1_129' title='bbox 296 2456 400 2528; x_wconf 85' lang='lat' dir='ltr'><strong>nulla</strong></span> <span class='ocrx_word' id='word_1_130' title='bbox 418 2471 565 2545; x_wconf 86' lang='lat' dir='ltr'><strong>tamen,</strong></span> <span class='ocrx_word' id='word_1_131' title='bbox 582 2457 724 2530; x_wconf 88' lang='lat' dir='ltr'><strong>nedum</strong></span> <span class='ocrx_word' id='word_1_132' title='bbox 750 2461 882 2559; x_wconf 84' lang='lat' dir='ltr'><strong>ingens</strong></span> <span class='ocrx_word' id='word_1_133' title='bbox 903 2464 966 2536; x_wconf 87' lang='lat' dir='ltr'><strong>illa</strong></span> <span class='ocrx_word' id='word_1_134' title='bbox 983 2471 1090 2564; x_wconf 86' lang='lat' dir='ltr'><strong>quasi</strong></span> 
     </span>
     <span class='ocr_line' id='line_1_19' title="bbox 89 2570 1090 2671; baseline 0.013 -25"><span class='ocrx_word' id='word_1_135' title='bbox 89 2570 198 2646; x_wconf 84' lang='lat' dir='ltr'><strong>effusi</strong></span> <span class='ocrx_word' id='word_1_136' title='bbox 213 2573 312 2644; x_wconf 85' lang='lat' dir='ltr'><strong>intra</strong></span> <span class='ocrx_word' id='word_1_137' title='bbox 325 2573 496 2646; x_wconf 88' lang='lat' dir='ltr'><strong>cranium</strong></span> <span class='ocrx_word' id='word_1_138' title='bbox 513 2575 706 2671; x_wconf 84' lang='lat' dir='ltr'><strong>sanguinis</strong></span> <span class='ocrx_word' id='word_1_139' title='bbox 718 2578 775 2649; x_wconf 87' lang='lat' dir='ltr'><strong>vis</strong></span> <span class='ocrx_word' id='word_1_140' title='bbox 784 2575 856 2650; x_wconf 85' lang='lat' dir='ltr'><strong>fuit</strong></span> <span class='ocrx_word' id='word_1_141' title='bbox 867 2603 888 2652; x_wconf 87' lang='lat' dir='ltr'><strong>a</strong></span> <span class='ocrx_word' id='word_1_142' title='bbox 901 2581 1012 2656; x_wconf 89' lang='lat' dir='ltr'><strong>nobis</strong></span> <span class='ocrx_word' id='word_1_143' title='bbox 1026 2585 1090 2659; x_wconf 91' lang='lat' dir='ltr'><strong>de-</strong></span> 
     </span>
     <span class='ocr_line' id='line_1_20' title="bbox 9 2689 305 2787; baseline 0.024 -28"><span class='ocrx_word' id='word_1_144' title='bbox 9 2703 12 2716; x_wconf 88' lang='lat'>&#39;</span> <span class='ocrx_word' id='word_1_145' title='bbox 87 2689 305 2787; x_wconf 85' lang='lat' dir='ltr'><strong>prehensa.¹</strong></span> 
     </span>
    </p>

    <p class='ocr_par' dir='ltr' id='par_1_3' title="bbox 9 2803 1198 3731">
     <span class='ocr_line' id='line_1_21' title="bbox 9 2803 1092 2915; baseline 0.012 -38"><span class='ocrx_word' id='word_1_146' title='bbox 9 2803 11 2828; x_wconf 71' lang='lat'>³</span> <span class='ocrx_word' id='word_1_147' title='bbox 144 2833 197 2905; x_wconf 87' lang='lat'><strong>19·</strong></span> <span class='ocrx_word' id='word_1_148' title='bbox 215 2808 405 2880; x_wconf 83' lang='lat' dir='ltr'><strong>Feminam</strong></span> <span class='ocrx_word' id='word_1_149' title='bbox 416 2831 536 2882; x_wconf 86' lang='lat' dir='ltr'><strong>annos</strong></span> <span class='ocrx_word' id='word_1_150' title='bbox 548 2823 673 2880; x_wconf 87' lang='lat' dir='ltr'><strong>natam</strong></span> <span class='ocrx_word' id='word_1_151' title='bbox 693 2810 780 2906; x_wconf 90' lang='lat' dir='ltr'><strong>plus</strong></span> <span class='ocrx_word' id='word_1_152' title='bbox 799 2811 951 2908; x_wconf 84' lang='lat' dir='ltr'><strong>triginta</strong></span> <span class='ocrx_word' id='word_1_153' title='bbox 966 2816 1092 2915; x_wconf 91' lang='lat' dir='ltr'><strong>inopi·</strong></span> 
     </span>
     <span class='ocr_line' id='line_1_22' title="bbox 89 2925 1091 3022; baseline 0.01 -26"><span class='ocrx_word' id='word_1_154' title='bbox 89 2940 177 2996; x_wconf 87' lang='lat' dir='ltr'><strong>nata</strong></span> <span class='ocrx_word' id='word_1_155' title='bbox 195 2949 298 2998; x_wconf 89' lang='lat' dir='ltr'><strong>mors</strong></span> <span class='ocrx_word' id='word_1_156' title='bbox 320 2925 380 2996; x_wconf 87' lang='lat' dir='ltr'><strong>hic</strong></span> <span class='ocrx_word' id='word_1_157' title='bbox 391 2940 545 3022; x_wconf 89' lang='lat' dir='ltr'><strong>repente</strong></span> <span class='ocrx_word' id='word_1_158' title='bbox 561 2928 786 3014; x_wconf 81' lang='lat' dir='ltr'><strong>extinxerat,</strong></span> <span class='ocrx_word' id='word_1_159' title='bbox 805 2929 903 2998; x_wconf 87' lang='lat' dir='ltr'><strong>circa</strong></span> <span class='ocrx_word' id='word_1_160' title='bbox 923 2931 1091 3006; x_wconf 89' lang='lat' dir='ltr'><strong>medium</strong></span> 
     </span>
     <span class='ocr_line' id='line_1_23' title="bbox 89 3041 1091 3140; baseline 0.008 -26"><span class='ocrx_word' id='word_1_161' title='bbox 89 3043 232 3114; x_wconf 90' lang='lat' dir='ltr'><strong>maium</strong></span> <span class='ocrx_word' id='word_1_162' title='bbox 251 3043 342 3112; x_wconf 87' lang='lat' dir='ltr'><strong>anni</strong></span> <span class='ocrx_word' id='word_1_163' title='bbox 362 3041 464 3140; x_wconf 82' lang='lat'>1738.</span> <span class='ocrx_word' id='word_1_164' title='bbox 478 3047 619 3114; x_wconf 86' lang='lat' dir='ltr'><strong>Ventre</strong></span> <span class='ocrx_word' id='word_1_165' title='bbox 638 3056 676 3113; x_wconf 91' lang='lat' dir='ltr'><strong>et</strong></span> <span class='ocrx_word' id='word_1_166' title='bbox 693 3042 848 3114; x_wconf 81' lang='lat' dir='ltr'><strong>thorace</strong></span> <span class='ocrx_word' id='word_1_167' title='bbox 863 3046 1038 3137; x_wconf 84' lang='lat' dir='ltr'><strong>reclusis,</strong></span> <span class='ocrx_word' id='word_1_168' title='bbox 1051 3056 1091 3122; x_wconf 90' lang='lat' dir='ltr'><strong>in</strong></span> 
     </span>
     <span class='ocr_line' id='line_1_24' title="bbox 89 3155 1095 3257; baseline 0.01 -27"><span class='ocrx_word' id='word_1_169' title='bbox 89 3161 157 3232; x_wconf 83' lang='lat' dir='ltr'><strong>illo</strong></span> <span class='ocrx_word' id='word_1_170' title='bbox 177 3158 369 3248; x_wconf 90' lang='lat' dir='ltr'><strong>nonnihil,</strong></span> <span class='ocrx_word' id='word_1_171' title='bbox 391 3160 430 3230; x_wconf 90' lang='lat' dir='ltr'><strong>in</strong></span> <span class='ocrx_word' id='word_1_172' title='bbox 455 3158 529 3230; x_wconf 90' lang='lat' dir='ltr'><strong>hoc</strong></span> <span class='ocrx_word' id='word_1_173' title='bbox 549 3157 646 3230; x_wconf 88' lang='lat' dir='ltr'><strong>nihil</strong></span> <span class='ocrx_word' id='word_1_174' title='bbox 660 3155 785 3230; x_wconf 80' lang='lat' dir='ltr'><strong>effusae</strong></span> <span class='ocrx_word' id='word_1_175' title='bbox 801 3183 906 3257; x_wconf 80' lang='lat' dir='ltr'><strong>aquae</strong></span> <span class='ocrx_word' id='word_1_176' title='bbox 925 3167 1095 3240; x_wconf 85' lang='lat' dir='ltr'><strong>aMedia-</strong></span> 
     </span>
     <span class='ocr_line' id='line_1_25' title="bbox 90 3274 1092 3381; baseline 0.012 -34"><span class='ocrx_word' id='word_1_177' title='bbox 90 3279 152 3348; x_wconf 85' lang='lat' dir='ltr'><strong>via</strong></span> <span class='ocrx_word' id='word_1_178' title='bbox 169 3291 300 3348; x_wconf 87' lang='lat' dir='ltr'><strong>nostro</strong></span> <span class='ocrx_word' id='word_1_179' title='bbox 318 3277 514 3350; x_wconf 83' lang='lat' dir='ltr'><strong>inventum</strong></span> <span class='ocrx_word' id='word_1_180' title='bbox 532 3291 588 3348; x_wconf 87' lang='lat' dir='ltr'><strong>est</strong></span> <span class='ocrx_word' id='word_1_181' title='bbox 600 3301 610 3364; x_wconf 91' lang='lat'>;</span> <span class='ocrx_word' id='word_1_182' title='bbox 623 3274 688 3346; x_wconf 90' lang='lat' dir='ltr'><strong>sed</strong></span> <span class='ocrx_word' id='word_1_183' title='bbox 701 3275 895 3373; x_wconf 88' lang='lat' dir='ltr'><strong>oppletum</strong></span> <span class='ocrx_word' id='word_1_184' title='bbox 911 3286 1092 3381; x_wconf 83' lang='lat' dir='ltr'><strong>sanguine</strong></span> 
     </span>
     <span class='ocr_line' id='line_1_26' title="bbox 90 3393 1094 3495; baseline 0.011 -30"><span class='ocrx_word' id='word_1_185' title='bbox 90 3393 344 3495; x_wconf 81' lang='lat' dir='ltr'><strong>pericardium</strong></span> <span class='ocrx_word' id='word_1_186' title='bbox 358 3418 404 3465; x_wconf 87' lang='lat' dir='ltr'><strong>ex</strong></span> <span class='ocrx_word' id='word_1_187' title='bbox 415 3409 528 3492; x_wconf 86' lang='lat' dir='ltr'><strong>rupto</strong></span> <span class='ocrx_word' id='word_1_188' title='bbox 546 3395 645 3467; x_wconf 87' lang='lat' dir='ltr'><strong>intra</strong></span> <span class='ocrx_word' id='word_1_189' title='bbox 658 3394 783 3492; x_wconf 89' lang='lat' dir='ltr'><strong>ipsum</strong></span> <span class='ocrx_word' id='word_1_190' title='bbox 797 3419 939 3494; x_wconf 82' lang='lat' dir='ltr'><strong>magnae</strong></span> <span class='ocrx_word' id='word_1_191' title='bbox 951 3404 1094 3478; x_wconf 82' lang='lat' dir='ltr'><strong>arteriae</strong></span> 
     </span>
     <span class='ocr_line' id='line_1_27' title="bbox 93 3504 1198 3612; baseline 0.009 -28"><span class='ocrx_word' id='word_1_192' title='bbox 93 3524 375 3607; x_wconf 85' lang='lat' dir='ltr'><strong>aneurysmate,</strong></span> <span class='ocrx_word' id='word_1_193' title='bbox 404 3511 443 3580; x_wconf 92' lang='lat' dir='ltr'><strong>in</strong></span> <span class='ocrx_word' id='word_1_194' title='bbox 472 3510 576 3608; x_wconf 93' lang='lat' dir='ltr'><strong>quod</strong></span> <span class='ocrx_word' id='word_1_195' title='bbox 605 3531 685 3582; x_wconf 90' lang='lat' dir='ltr'><strong>non</strong></span> <span class='ocrx_word' id='word_1_196' title='bbox 706 3510 822 3584; x_wconf 87' lang='lat' dir='ltr'><strong>modo</strong></span> <span class='ocrx_word' id='word_1_197' title='bbox 850 3513 962 3612; x_wconf 90' lang='lat' dir='ltr'><strong>hujus</strong></span> <span class='ocrx_word' id='word_1_198' title='bbox 985 3543 1093 3593; x_wconf 88' lang='lat' dir='ltr'><strong>arcus</strong></span> <span class='ocrx_word' id='word_1_199' title='bbox 1189 3504 1198 3519; x_wconf 56' lang='grc'><em>’</em></span> 
     </span>
     <span class='ocr_line' id='line_1_28' title="bbox 93 3615 1095 3731; baseline 0.007 -30"><span class='ocrx_word' id='word_1_200' title='bbox 93 3615 220 3717; x_wconf 85' lang='lat' dir='ltr'><strong>totus,</strong></span> <span class='ocrx_word' id='word_1_201' title='bbox 236 3627 301 3702; x_wconf 86' lang='lat' dir='ltr'><strong>sed</strong></span> <span class='ocrx_word' id='word_1_202' title='bbox 321 3643 359 3700; x_wconf 86' lang='lat' dir='ltr'><strong>et</strong></span> <span class='ocrx_word' id='word_1_203' title='bbox 374 3651 460 3726; x_wconf 81' lang='lat' dir='ltr'><strong>pars</strong></span> <span class='ocrx_word' id='word_1_204' title='bbox 478 3629 585 3700; x_wconf 90' lang='lat' dir='ltr'><strong>initio</strong></span> <span class='ocrx_word' id='word_1_205' title='bbox 607 3651 716 3700; x_wconf 86' lang='lat' dir='ltr'><strong>arcus</strong></span> <span class='ocrx_word' id='word_1_206' title='bbox 731 3629 900 3724; x_wconf 87' lang='lat' dir='ltr'><strong>ejusdem</strong></span> <span class='ocrx_word' id='word_1_207' title='bbox 922 3639 1095 3731; x_wconf 81' lang='lat' dir='ltr'><strong>proxima</strong></span> 
     </span>
    </p>
   </div>
   <div class='ocr_carea' id='block_1_3' title="bbox 137 3995 763 4083">
    <p class='ocr_par' dir='ltr' id='par_1_4' title="bbox 137 3995 763 4083">
     <span class='ocr_line' id='line_1_29' title="bbox 137 3995 763 4083; baseline -0.005 -24"><span class='ocrx_word' id='word_1_208' title='bbox 137 4003 182 4083; x_wconf 83' lang='lat'><strong>(1)</strong></span> <span class='ocrx_word' id='word_1_209' title='bbox 205 4001 306 4062; x_wconf 73' lang='lat' dir='ltr'><strong>Traitt</strong></span> <span class='ocrx_word' id='word_1_210' title='bbox 323 4001 364 4059; x_wconf 91' lang='lat' dir='ltr'><strong>du</strong></span> <span class='ocrx_word' id='word_1_211' title='bbox 376 4019 473 4073; x_wconf 82' lang='lat' dir='ltr'><strong>coeur,</strong></span> <span class='ocrx_word' id='word_1_212' title='bbox 490 4003 511 4058; x_wconf 90' lang='lat'><strong>1.</strong></span> <span class='ocrx_word' id='word_1_213' title='bbox 530 4008 562 4070; x_wconf 76' lang='grc'><strong>4,</strong></span> <span class='ocrx_word' id='word_1_214' title='bbox 579 3995 675 4070; x_wconf 69' lang='lat' dir='ltr'><strong>cut,</strong></span> <span class='ocrx_word' id='word_1_215' title='bbox 692 4020 722 4058; x_wconf 86' lang='lat' dir='ltr'><strong>n.</strong></span> <span class='ocrx_word' id='word_1_216' title='bbox 736 4000 763 4058; x_wconf 83' lang='lat'><strong>5.</strong></span> 
     </span>
    </p>
   </div>
   <div class='ocr_carea' id='block_1_4' title="bbox 0 0 1421 4668">
    <p class='ocr_par' dir='ltr' id='par_1_5' title="bbox 0 0 1421 4668">
     <span class='ocr_line' id='line_1_30' title="bbox 0 0 1421 4668; baseline 0 0"><span class='ocrx_word' id='word_1_217' title='bbox 0 0 1421 4668; x_wconf 95' lang='lat' dir='ltr'><strong> </strong></span> 
     </span>
    </p>
   </div>
  </div>
 </body>
</html>
