2808 4664
125 483 215 532 mr.
243 481 283 527 11.
311 479 359 527 ou
385 475 880 543 uonnrsrnorscrs,sr1sr.
907 480 1004 527 xxiv.
1035 457 1107 556 269
1192 499 1196 509 »

95 596 208 666 bacci
221 593 457 666 occurrisse:
479 591 519 663 in
547 591 712 690 pendula
732 579 857 664 autem
879 593 1033 666 urethra
1048 597 1109 668 vix

92 739 218 785 unum
236 711 372 798 fuisse,
390 732 553 808 eumque
577 725 729 782 tenuem
747 736 792 782 ex
809 711 986 784 omnibus
1005 738 1025 784 a
1047 723 1108 786 me

92 831 261 902 inventis
289 828 514 901 canaliculis.
542 831 665 924 Atque
691 843 733 899 ut
757 831 875 926 magis
903 831 1108 928 intelligaS,
1156 841 1157 848 ’

91 974 160 1020 me
180 947 276 1019 nihil
297 971 429 1018 eorum
455 971 538 1043 quae
560 947 599 1014 in
621 944 696 1016 hoc
719 970 879 1044 corpore
901 946 949 1018 ab
967 963 1109 1019 naturae

92 1064 373 1140 consuetudine
383 1063 441 1135 vel
456 1063 591 1134 leviter
599 1062 776 1134 recedere
790 1063 1028 1153 viderentur,
1043 1091 1109 1139 ne·

91 1184 272 1284 glexisse3
294 1181 368 1252 hoc
383 1181 492 1252 etiam
507 1181 656 1278 accipe,
671 1206 714 1252 ex
724 1205 816 1278 gyro
828 1182 1108 1279 propemodum

91 1307 180 1372 t'oto
197 1300 327 1371 helicis
346 1297 625 1387 auricularum,
649 1299 746 1396 pilos
767 1298 856 1370 huic
880 1299 1027 1384 lromini
1043 1325 1110 1398 pe.

90 1417 275 1518 pendisse
289 1416 424 1516 longos
441 1415 554 1506 adeo,
572 1441 614 1488 ac
632 1414 840 1507 consertos,
858 1432 899 1488 ut
915 1425 1010 1505 μόηξ
1022 1444 1108 1492 raro

93 1547 274 1608 occurrat
293 1535 360 1632 qui
379 1549 505 1632 posset
523 1561 609 1606 cum
623 1536 668 1607 iis
682 1536 789 1606 cirris
802 1539 1026 1634 comparari.

149 1679 183 1752 7.
200 1652 414 1726 Videndum
434 1667 489 1724 est
506 1651 595 1738 tibi,
611 1651 754 1721 velisne
768 1651 921 1724 brevem
937 1653 1035 1724 hanc
1054 1679 1109 1728 as·

93 1772 276 1872 phyxiam
302 1769 349 1840 ab
375 1793 474 1867 equa
501 1767 709 1856 deducere,
739 1770 837 1842 intra
860 1771 1030 1840 cranium
1052 1797 1110 1843 re·

94 1904 213 1990 pente
238 1884 386 1973 effusa,
401 1909 482 1982 quae
508 1907 596 1954 cum
617 1883 745 1957 minus
771 1885 948 1973 cerebro,
970 1890 1111 1986 quippe

95 2008 165 2078 hic
200 2003 419 2087 durissimo,
450 2023 588 2072 nocere
618 2017 766 2099 posset,
801 2001 1030 2074 cerebellum
1061 2007 1125 2077 ita·

97 2121 383 2221 compresserit,
402 2133 444 2192 ut
461 2121 665 2190 imminuto
688 2121 888 2219 spirituum
909 2122 948 2190 in
969 2122 1127 2194 corin-'

93 2241 228 2330 fluxu,
245 2265 325 2310 non
346 2253 473 2336 posset
485 2238 564 2316 ¹hoe
580 2240 801 2348 sanguinem
820 2241 892 2312 nisi
908 2238 1024 2325 debili
1038 2241 1112 2338 pri·

14 2353 25 2364 ”
96 2371 283 2448 ηιιιιῐιῑ,,’θῑ
309 2355 519 2431 insensibili
541 2357 733 2455 impulsu;
763 2381 852 2429 mox
880 2381 997 2446 vero,
1023 2381 1111 2428 cum

85 2468 205 2550 ¹mors
227 2475 402 2548 videlicet
421 2475 580 2573 ingruit,
601 2475 709 2546 nullo
728 2501 882 2574 prorsus
898 2477 937 2546 in
955 2477 1129 2576 arterias,

96 2596 314 2666 immittere.
333 2595 393 2666 Sic
412 2594 523 2665 etiam
534 2591 706 2692 relegens
714 2593 910 2692 epistolam
922 2593 968 2664 ad
980 2609 1015 2666 te
1027 2619 1111 2667 nos·

95 2729 209 2786 tram·
222 2715 308 2784 XIV
327 2710 411 2808 (ι),
433 2710 579 2794 videbis
598 2725 778 2810 puerum,
805 2712 914 2808 cujus
934 2710 1112 2808 cerebelli

97 2845 248 2932 partem
267 2853 339 2929 pus
354 2829 566 2916 vitiaverat,
593 2829 765 2926 pulsibus
791 2797 1017 2926 ciimplures.
1030 2829 1111 2902 dies

100 2951 262 3022 omnino
273 2948 444 3022 caruisse.
457 2947 570 3037 Quod
590 2949 621 3018 si
631 2944 727 3018 forte
745 2949 870 3026 minus
886 2946 955 3018 tibi
967 2946 1112 3043 placeat
1227 3033 1233 3040 ,

99 3066 191 3157 hac,
203 3092 287 3166 quae
305 3091 376 3139 nec
394 3065 489 3136 mihi
499 3065 708 3163 perplacet,
724 3078 789 3134 aut
806 3061 1037 3159 ejuscemodi
1053 3085 1111 3132 ra·
1215 3061 1218 3076 *

98 3188 207 3278 tione
221 3185 291 3268 alia
311 3209 392 3258 rem
409 3184 613 3282 explicare,
637 3207 751 3280 quam
774 3181 821 3252 ad
848 3181 1110 3254 concretiones
1179 3195 1181 3200 '

100 3305 190 3376 istas
202 3296 402 3402 polyposas
418 3299 583 3391 referre,
604 3299 732 3399 plures
758 3297 912 3396 quidem
935 3298 1110 3389 habebis,

103 3421 245 3520 quibus
262 3420 479 3492 auctoribus
500 3419 540 3490 id
557 3416 686 3506 facias3
702 3415 768 3488 sed
791 3431 913 3506 recte,
934 3413 986 3509 ¹a'n
1005 3442 1112 3491 secus

104 3538 238 3629 facias,
259 3539 329 3610 erit
343 3537 413 3609 tibi
430 3537 631 3635 diligenter
644 3537 756 3609 etiam
772 3549 886 3632 atque
901 3537 1012 3607 etiam
1025 3559 1113 3608 con-

104 3656 360 3730 siderandum.
378 3655 526 3726 Scilicet
541 3678 601 3726 me
620 3653 776 3754 quidem
804 3663 883 3725 noli
907 3650 1020 3750 fugit,
1045 3675 1113 3750 po·

147 4027 192 4106 (1)
212 4029 251 4086 N.
268 4025 297 4084 3.
