2816 4668
275 405 346 496 456
443 430 490 478 ns
516 397 662 476 srbrrns
679 427 731 474 nr
756 425 881 476 clusis
906 425 1118 478 nonnosum

273 567 497 640 aneurysma
513 538 709 623 habuerit,
735 537 933 610 sedetiam
962 539 1010 610 ad
1035 565 1139 629 eam,
1164 565 1294 637 quam

233 724 236 734 .
275 662 454 747 diximus,
479 672 624 756 partem
646 654 840 742 habuerit,
860 657 946 728 satis
957 657 1162 756 intelliges.

326 783 381 864 αἱ..
423 780 545 874 Super
575 785 841 870 aneurysr'nate
871 787 1030 861 autem,
1065 775 1292 871 caeterisque
1393 789 1394 858 ᾗ

272 896 391 994 ipsius
410 909 522 964 aortae
542 893 643 964 vitiis
658 889 834 984 eunt-alia
853 887 943 962 alibi
959 889 1289 977 adnotaverimus;

274 1013 338 1088 hic
362 1037 482 1110 pauca
499 1011 585 1082 satis
607 1009 677 1080 erit
701 1007 886 1103 adjicere,
903 1032 990 1104 quae
1001 1007 1049 1078 ad
1070 1007 1153 1078 haec
1170 1011 1289 1106 potis·

275 1131 421 1204 simum·
437 1129 527 1198 vitia
554 1127 746 1196 attineant.
776 1129 821 1196 Et
848 1125 1015 1222 primum
1043 1125 1151 1222 quod
1182 1143 1288 1199 aorta

276 1247 460 1332 crassior,
491 1258 528 1316 et
545 1242 702 1340 rigidior
726 1256 844 1328 esset,
864 1264 949 1312 cum
974 1257 1134 1339 propter
1156 1241 1287 1313 dilata-

277 1365 423 1436 tionem
432 1361 625 1432 videretur
635 1383 714 1432 esse
723 1357 898 1434 debuisse
909 1360 1061 1430 tenuior
1074 1375 1112 1430 et
1121 1360 1287 1447 mollior,

276 1479 464 1554 faciebant
478 1480 689 1586 praecipue,
711 1491 753 1548 ut
771 1477 932 1574 opinor,
957 1476 1200 1549 ereberrimae
1220 1478 1287 1548 illae

277 1596 444 1672 subalbae
462 1597 639 1681 maculae,
654 1620 737 1692 quae
753 1609 796 1664 ut
815 1592 931 1665 futuri
945 1609 1032 1665 sunt
1049 1597 1145 1666 ossis
1159 1597 1285 1684 initia,

278 1717 332 1789 sic
350 1739 395 1788 ex
413 1715 569 1786 adaucta
581 1713 634 1784 ibi
650 1712 853 1784 substantia
871 1710 969 1794 fiunt
985 1712 1031 1786 ad
1048 1737 1131 1783 eam
1150 1739 1239 1810 quae
1250 1715 1286 1784 in

278 1832 491 1932 ligamentis
518 1848 600 1919 est,
627 1845 669 1902 ut
699 1855 794 1934 saepe
821 1829 1039 1922 observavi,
1064 1830 1286 1902 secedente.

279 1951 392 2040 Quod
408 1966 533 2036 autem
550 1949 639 2036 illae,
659 1963 696 2020 et
710 1962 842 2020 caetera
857 1947 945 2034 vitia
960 1946 1214 2018 eoerebriora
1227 2003 1237 2034 ,
1248 1965 1286 2020 'et

280 2069 451 2172 graviora
473 2081 621 2156 essent,
642 2091 718 2163 quo
737 2089 960 2162 aneurysma
977 2089 999 2136 a
1019 2064 1135 2136 eorde
1161 2068 1287 2139 minus

281 2183 460 2272 distabat,
472 2183 520 2255 ab
534 2184 760 2254 incurrentis
773 2183 965 2279 sanguinis
978 2183 1146 2280 impulsu
1162 2182 1286 2273 fuisse,

281 2301 397 2388 vides,
410 2318 515 2374 tanto
526 2303 659 2396 majori
667 2316 811 2398 quanto
818 2297 977 2398 propius
988 2316 1067 2372 erat
1074 2301 1286 2399 impellens

283 2397 523 2515 Quapropter
546 2441 615 2489 nee
641 2419 748 2516 plura
769 2417 884 2490 verba
911 2415 1080 2493 facienda
1104 2435 1219 2516 sunt,
1249 2435 1287 2492 ut

283 2534 488 2632 intelligas,
509 2536 577 2632 qui
596 2533 733 2608 factum
756 2539 883 2625 sit,'ut
902 2561 989 2608 cum
1011 2539 1287 2640 *aneur'ysmatis

283 2677 371 2750 pars
386 2653 483 2722 intra
501 2653 750 2750 pericardiurn
768 2668 886 2742 esset,
903 2655 1002 2725 intra
1013 2653 1093 2732 ,hoc
1106 2709 1116 2740 ,
1128 2657 1285 2728 sicutiin

283 2768 460 2868 pluribus
477 2795 632 2868 quoque
649 2771 732 2842 aliis
755 2797 851 2868 quos
871 2796 981 2869 supra
1014 2771 1068 2867 (ι)
1086 2771 1289 2872 descripsi,

209 2897 212 2904 '
286 2885 461 2977 casibus,
495 2905 652 2986 ruptum
685 2889 1001 2987 sitaneurysma.
1033 2889 1131 2960 lllud
1164 2893 1290 2988 potins

238 3011 241 3016 ’
286 3004 554 3077 declarandum
578 3004 654 3094 est,
679 3027 747 3078 cur
770 3006 817 3078 ad
841 3009 1050 3105 posteriora
1072 3012 1221 3080 arteria,¹
1240 3011 1292 3108 (π)
1393 3089 1394 3112 ¹

286 3123 333 3194 sit
357 3139 523 3220 ruptum.
546 3128 641 3195 Cum
661 3126 760 3194 eninr
780 3123 834 3195 ibi
851 3127 991 3222 pariter
1013 3126 1124 3196 etiam
1148 3127 1190 3196 in
1214 3144 1291 3200 tex·

285 3240 378 3310 trice
399 3221 470 3336 (3)
486 3255 660 3338 apertum
678 3241 856 3328 viderim,
880 3257 917 3314 et
935 3241 988 3312 ibt
1006 3265 1165 3340 quoque
1181 3243 1292 3318 fuerit

287 3352 475 3458 orificium
493 3359 764 3453 aneurysmatis
785 3358 890 3456 quod
909 3359 948 3430 in
964 3375 1089 3431 scorto
1107 3360 1186 3456 (4)
1213 3363 1294 3434 des-
