2850 4668
176 429 246 492 m)
274 429 314 496 ll·
342 427 389 473 DE
414 425 549 475 Mortuis
572 426 769 492 Tflouacts,
794 431 905 480 EPIST·
932 435 1005 482 xxl.
1059 437 1105 510 79

104 567 181 646 qua
205 539 407 642 pulmones
434 538 685 627 adhaeserant,
711 525 947 618 inflammata
978 547 1107 622 similis

106 659 243 740 alicubi
263 657 472 736 videbatur.
490 656 690 758 Pulmoues
708 673 831 731 autem
847 660 895 730 ad
911 660 1014 735 hunc
1028 691 1107 736 mo·
1191 743 1197 756 ,

25 789 29 802 “
106 779 193 851 dum
214 803 253 850 se
273 775 463 850 habebant
477 801 484 844 :
500 775 648 848 sinister
659 801 738 846 uno
756 778 796 846 in
815 777 900 850 loco
917 779 1057 871 albam,
1071 801 1108 858 et

105 897 205 970 velut
218 921 265 967 ex
281 896 406 994 granis
421 893 536 990 quasi.
547 897 777 964 tartarizatis
795 893 1038 998 substantiam
1050 926 1108 973 os-

104 1012 244 1102 tendit,
271 1013 412 1084 caeteris
439 1011 479 1080 in
507 1009 600 1082 locis
625 1007 742 1110 ferme
770 1011 946 1086 omuibus
974 1013 1108 1089 duram
1194 1073 1197 1080 .

105 1145 269 1219 tautum,
285 1145 323 1204 et
339 1129 495 1212 densam
508 1181 518 1216 ,
532 1142 570 1201 et
584 1151 754 1224 gravcm;
771 1129 895 1202 minus
912 1146 1037 1206 tamen
1047 1160 1109 1215 an-

107 1249 238 1338 terius3
256 1246 388 1320 dexter
401 1269 492 1320 vero
509 1245 568 1316 vel
588 1245 705 1342 magis
720 1243 809 1334 luit,
827 1272 939 1344 quam
962 1251 1110 1360 spuister

106 1379 140 1438 et
155 1365 294 1454 durus,
313 1380 350 1438 et
368 1364 507 1438 densus
520 1377 557 1435 et
577 1364 708 1460 gravis.
723 1369 767 1434 In
787 1365 996 1461 pericardio
1013 1394 1110 1467 aqua

106 1507 145 1554 er
154 1498 191 1556 at
203 1483 464 1582 paulomajori
478 1482 585 1578 copia
603 1505 721 1580 eaque
741 1480 903 1554 turbida.
925 1485 1110 1590 Polyposa

107 1600 298 1672 concretio
308 1625 354 1673 ex
365 1597 453 1670 albo
464 1596 557 1670 flava
569 1652 579 1688 ,
594 1597 659 1670 sed
673 1597 810 1689 laxior,
825 1625 869 1674 er
882 1600 1006 1674 cordis
1020 1627 1109 1676 ven·

105 1717 242 1790 triculo
261 1716 416 1790 dextero
432 1739 502 1814 per
515 1729 723 1811 utrumque
739 1714 853 1812 hujus
867 1717 1054 1791 orificium
1071 1746 1109 1794 se

104 1833 348 1930 producebat.
382 1836 460 1904 Nec
489 1831 686 1902 dissimiles
717 1835 978 1910 concretiones
1005 1855 1112 1910 erant

104 1975 186 2047 quae
209 1976 279 2050 per
303 1949 416 2021 ambo
445 1949 585 2040 sinistri
612 1944 754 2016 crificia
769 1948 991 2045 pergebant.
1022 1955 1112 2042 Quae

102 2065 215 2155 hinc,
229 2068 270 2138 in
285 2089 440 2154 venam3
458 2063 506 2136 ab
526 2063 680 2137 dextero
697 2079 821 2136 autem
838 2068 1050 2140 ventriculo
1068 2071 1107 2142 iu

100 2185 278 2256 arteriam
303 2183 566 2282 pulmonarem
594 2179 825 2279 pergebant:
851 2207 902 2254 eae
923 2183 1047 2258 divisae
1066 2187 1106 2258 iu

101 2324 250 2404 ramos,
268 2302 489 2400 partitiones
504 2299 749 2374 imitabantur
763 2294 902 2372 horum
920 2325 1104 2377 vasorum.

103 2420 244 2494 Ventre
271 2433 433 2517 apert0,
449 2417 682 2490 ventriculus
708 2431 745 2488 et
765 2415 964 2510 intestina,
993 2422 1105 2496 colon

105 2537 329 2630 prasertim,
356 2560 441 2608 aere
467 2534 632 2608 multum
658 2533 820 2608 distenta
845 2555 1102 2612 occurrerunt.

104 2652 226 2731 Lienis
250 2651 407 2726 inferior
434 2677 521 2752 pars
546 2652 743 2752 nigredine
769 2653 1104 2752 peculiari—infecta

105 2783 181 2842 erat
199 2796 280 2844 nou
305 2795 411 2844 secus
433 2795 475 2842 ac
502 2772 533 2850 si
551 2769 885 2845 inflammationem
907 2798 1104 2873 gaugraena

105 2890 324 2987 excepisset,
348 2913 391 2960 ea
416 2889 575 2988 nigredo
594 2889 642 2960 ad
660 2889 945 2988 sesquidigitum
964 2894 1104 2988 intror-

105 3021 183 3076 sum
199 3005 389 3104 pergebat.
409 3009 548 3078 Contra
572 3004 691 3104 hepar
718 3005 907 3095 albidum,
925 3009 1103 3108 idemque

106 3123 306 3194 maximum
326 3150 333 3192 :
354 3123 394 3197 in
410 3123 517 3220 cujus
534 3123 696 3196 vesicula
719 3148 806 3194 cum
829 3148 949 3221 pauca
965 3125 1041 3200 bile
1058 3153 1104 3208 ea

105 3233 187 3310 albo
205 3240 421 3343 flavescenti
430 3241 594 3314 calculos
607 3241 736 3312 inveni
753 3241 840 3338 plus
858 3246 1104 3344 septuaginta,

107 3373 266 3446 quorum
281 3359 448 3448 maximi,
466 3360 533 3456 qui
549 3359 729 3456 perpauci
743 3371 869 3448 erant,
887 3356 1009 3464 fabam
1023 3388 1102 3434 non

107 3475 346 3568 superabant,
362 3476 509 3548 minimi
528 3500 646 3576 grano
660 3476 802 3574 piperis
821 3478 987 3552 minores
1001 3479 1104 3552 haud

109 3606 230 3664 eraut:
250 3593 304 3664 illi
320 3593 368 3664 ad
393 3591 552 3692 figuram
578 3593 745 3683 ovalem,
770 3594 933 3670 sednon
956 3623 1032 3670 una
1058 3623 1104 3671 ex

108 3719 207 3792 parte.
228 3709 443 3810 depressam
458 3737 468 3799 ;
492 3710 631 3808 reliqui
649 3710 696 3782 ad
714 3711 916 3788 cuboidem
940 3703 1125 3812 quadan-⁵

109 3824 213 3896 tenus
227 3826 466 3900 accedebant.
480 3831 588 3901 Intus
597 3827 800 3902 madebant
812 3830 904 3918 bile,
918 3845 955 3901 ct
966 3857 1011 3902 ex
1025 3834 1105 3928 qui·

110 3926 262 4014 busdam
294 3945 399 4040 quasi
433 3945 598 4040 granulis
629 3949 837 4020 constructi
865 3945 1101 4020 videbantur.
