2992 4666
308 466 378 553 254
468 487 515 535 nr
540 471 685 534 seorsus
709 482 753 530 nr
778 481 901 530 causis
927 481 1133 530 mousonun

307 737 1304 766 mmmmm*

358 922 589 998 ansioni
612 879 1108 995 ANATOMIGO-MEDICA
1130 919 1255 998 xxm

405 1159 532 1232 Sermo
540 1156 596 1252 fit
613 1153 660 1228 de
678 1151 850 1226 Pultibus
861 1168 1004 1262 praeter
1015 1168 1199 1226 naturam.

310 1378 374 1502 Sr
389 1429 435 1500 de
454 1429 558 1498 omni
576 1427 755 1524 pulsuum
773 1425 863 1495 vitio
882 1449 1092 1496 sermonem
1109 1428 1303 1498 instituere

292 1539 371 1618 ‘his
383 1547 514 1616 litteris
534 1544 688 1630 vellem,
708 1531 899 1613 infinitum
921 1540 1105 1632 laborem,
1118 1543 1305 1614 inutilem-

309 1688 383 1761 que
410 1664 648 1758 susciperem.
675 1662 824 1748 Quotus
846 1660 947 1730 enim
969 1660 1130 1756 quisque
1150 1659 1306 1732 morbus

309 1781 448 1879 ingruit
465 1779 578 1875 paulo
598 1777 766 1873 gravior,
786 1777 918 1873 inquo
934 1801 1012 1846 non
1025 1777 1168 1872 aliquid
1176 1778 1306 1875 pulsus

309 1897 493 1998 peccent?
510 1909 574 1966 aut
592 1895 725 1990 inquo
742 1918 810 1990 per
824 1903 1030 1965 'anatomen
1050 1895 1157 1966 liceat
1180 1919 1306 1966 veram

309 2015 422 2111 hujus
440 2014 496 2084 rei
515 2035 663 2084 causam
680 2010 904 2081 ostendere?
920 2013 1012 2082 Satis
1023 2013 1092 2083 erit
1106 2013 1220 2110 igitur
1233 2037 1307 2083 ma·

309 2135 391 2231 jora
410 2129 578 2227 quaedam
599 2129 777 2225 pulsuum
791 2128 897 2212 vitia,
913 2152 1035 2226 eoque
1057 2129 1192 2201 medici
1207 2129 1305 2228 cogi-

313 2251 510 2334 tationem,
526 2261 563 2317 et
579 2245 778 2316 anatomici
799 2246 1106 2341 perquisitionem
1124 2247 1170 2318 ad
1185 2271 1224 2324 se
1245 2272 1306 2345 pe*

316 2365 505 2436 cuiiariter
527 2360 729 2450 trahentia,
752 2361 966 2459 diligentius
984 2363 1192 2450 attendere,
1211 2362 1307 2436 facto

314 2481 421 2552 initio
436 2505 456 2550 a
470 2480 630 2550 maximo
645 2481 834 2551 omnium:
853 2479 956 2576 quod
972 2479 1064 2550 mihi
1081 2479 1232 2576 quidem
1251 2481 1308 2549 vi-

315 2598 428 2669 detur
443 2597 532 2668 inea
547 2595 723 2695 pulsuum
741 2597 900 2668 exilitate
912 2621 954 2668 ac
969 2594 1157 2668 debilitate
1170 2598 1308 2668 consis·
1386 2609 1389 2615 '

315 2729 415 2804 tere,
439 2728 481 2785 ut
506 2739 590 2786 cum
619 2715 777 2813 amplius
806 2739 886 2784 non
913 2713 1186 2810 percipiantur,
1213 2737 1309 2812 aeger

316 2829 489 2929 aspbyxia
504 2833 622 2904 teneri
637 2833 802 2918 dicatur,
822 2831 897 2902 sive
910 2830 987 2924 jam
1000 2853 1079 2900 esse
1094 2830 1172 2900 sine
1182 2831 1304 2928 pulsu.

314 2951 398 3040 Quo
415 2949 590 3021 Valsalvae
604 2950 722 3020 nostri
734 2947 943 3020 observatio
958 2961 1117 3044 spectat,
1137 2947 1183 3018 ad
1204 2947 1307 3020 hune

317 3067 470 3139 modum
488 3091 525 3138 se
540 3065 693 3138 babens.

366 3212 396 3256 2.
414 3185 481 3256 Vir
501 3207 619 3254 annos
638 3197 749 3252 natus
767 3181 1060 3278 quinquaginta,
1076 3203 1162 3253 cum
1181 3183 1306 3256 multis

316 3316 423 3372 antea
452 3297 584 3370 diebus
607 3323 628 3368 a
655 3298 965 3395 peripneumonia
990 3297 1086 3369 liber
1113 3301 1304 3388 evasisset,

315 3439 444 3490 rursus
455 3415 493 3484 in
512 3413 675 3506 thoracis
691 3413 821 3484 incidit
839 3412 1026 3485 morbum.
1047 3417 1139 3487 Nam
1154 3431 1305 3513 praeter-

317 3555 427 3631 quam
445 3528 548 3627 quod
564 3529 610 3600 de
628 3529 706 3615 siti,
719 3545 755 3599 et
770 3530 873 3598 inani
890 3532 980 3602 tussi
1000 3532 1245 3628 querebatur,
1267 3533 1306 3606 in

208 3743 209 3746 Ἴ
317 3649 506 3724 sinistrum
522 3647 617 3717 latus
628 3646 768 3718 cubare
783 3672 859 3717 non
879 3662 1032 3746 poterat.
1046 3653 1305 3739 Quotiescum-

317 3788 389 3863 que
400 3765 498 3835 enim
511 3761 585 3834 hoc
598 3763 967 3862 tentabat,paulatim
978 3789 1016 3838 se
1028 3765 1066 3836 id
1076 3767 1171 3838 letus
1180 3789 1308 3840 versus

317 3880 591 3966 convertendo,
616 3906 694 3977 quo
721 3883 836 3980 magis
863 3897 1080 3956 convertere
1104 3907 1142 3955 se
1175 3908 1309 3983 perge-

317 3997 401 4088 bat,
424 4024 469 4072 eo
493 4000 608 4098 magis
634 4000 813 4072 sentiebat
839 4001 1034 4074 imminere
1053 3999 1167 4072 animi
1186 3999 1308 4076 desec-
