2850 4668
305 447 353 524 68
466 467 512 514 nx
538 463 683 515 sumnus
707 465 752 512 xr
776 461 900 512 causis
924 465 1133 516 nonnosum

301 582 497 659 litudinem
522 583 562 650 in
582 579 783 676 pulmone,
813 575 1073 653 concretiones
1100 581 1306 681 polyposas

298 704 338 772 in
357 697 493 785 corde,
510 697 608 766 circa
624 693 822 766 cerebrum
838 698 1027 794 turgentia
1042 721 1145 786 vasa,
1171 714 1208 770 et
1230 700 1306 772 hu-

297 841 443 890 morem
456 836 619 910 aqueum
630 809 738 884 facile
748 812 946 883 inventum
960 815 1026 903 iri,
1044 815 1300 912 praedicerem.

346 933 512 1004 Thorace
523 931 635 1027 igitur
645 928 697 999 ibi
708 930 899 1026 protinus,
913 945 951 1002 et
963 931 1084 1028 capite
1098 957 1186 1003 mox
1196 957 1302 1030 aper-

295 1068 352 1138 to,
370 1069 500 1120 omnes
516 1045 692 1118 viderunt
713 1046 933 1144 pulmones,
959 1049 1026 1144 qui
1046 1046 1163 1120 ferme
1186 1049 1302 1120 undi-

297 1190 391 1266 que,
406 1178 559 1261 excepta
573 1159 759 1234 anteriore
771 1161 882 1252 facie,
895 1189 977 1260 quae
990 1178 1027 1234 et
1038 1165 1199 1240 naturali
1211 1190 1301 1262 pro-

295 1281 500 1382 pemodum
516 1295 593 1352 erat
606 1279 746 1367 colore,
764 1280 811 1350 ad
828 1280 996 1377 pleuram
1009 1283 1216 1353 arctissime
1232 1282 1301 1354 ad-

294 1399 501 1486 haerebant,
518 1421 604 1469 cum
619 1405 774 1468 extracti
786 1412 927 1486 essent,
943 1397 1102 1470 alterum
1119 1397 1166 1468 ab
1182 1400 1299 1472 altero

293 1539 522 1616 magnopere
539 1514 763 1612 discrepare.
781 1517 919 1585 Dexter
934 1515 1034 1586 enim
1046 1515 1152 1586 valde
1166 1517 1299 1614 ampli·
1321 1540 1323 1546 ·

291 1632 445 1721 ficattis,
464 1633 584 1731 gravis
599 1645 693 1719 erat,
708 1644 745 1701 et
761 1629 879 1703 durus
896 1645 1019 1720 totus;
1037 1633 1067 1703 si
1085 1655 1239 1730 parvam
1259 1635 1297 1706 iu

291 1749 689 1847 summoportionem,
699 1761 745 1819 et
759 1771 840 1819 eam
856 1773 969 1844 quam
982 1748 1077 1836 dixi,
1095 1747 1226 1822 faciem
1238 1776 1292 1822 ex·

292 1851 457 1970 ciperes3
478 1865 611 1964 aequali
630 1879 827 1963 praeterea,
853 1879 890 1936 et
907 1865 1007 1954 laevi,
1023 1880 1066 1936 ut
1080 1866 1213 1961 jecur,
1233 1891 1295 1940 su-

289 1983 463 2084 perficie,
484 1998 526 2054 ut
548 2007 597 2053 ne
619 1981 857 2052 vasculorum
878 1981 1032 2078 quidem
1054 1995 1133 2054 rete
1152 1984 1193 2055 in
1222 1983 1292 2056 hac

289 2084 505 2200 apparerem
521 2101 624 2169 intus
640 2112 765 2169 autem
785 2111 976 2195 compacta
994 2097 1057 2168 illa
1087 2097 1292 2170 substantia

289 2242 372 2316 quae
393 2231 542 2288 coctum
559 2215 686 2309 jecur,
710 2229 746 2285 et
775 2213 976 2286 dissectum
995 2231 1288 2313 repraeseutaret.

287 2339 335 2408 At
348 2333 496 2406 sinister
514 2331 645 2430 pulmo
659 2333 720 2402 vix
736 2356 757 2404 a
773 2332 934 2404 naturali
950 2335 989 2403 in
1008 2357 1054 2405 eo
1074 2331 1288 2422 differebat,

288 2442 533 2550 quod'sectus
552 2449 665 2546 paulo
682 2449 833 2539 durior,
852 2465 889 2523 et
907 2449 1078 2540 rubrior,
1102 2476 1215 2548 quam
1234 2477 1288 2526 so·

286 2570 378 2656 leat,
395 2593 440 2639 ex
456 2582 536 2637 atro
552 2565 759 2638 videbatur.
782 2566 854 2638 Sed
873 2583 910 2640 et
934 2567 1066 2666 pleura
1090 2593 1178 2640 cum
1197 2593 1218 2640 a
1238 2571 1287 2642 si-

284 2685 411 2756 nistris
434 2683 585 2755 decolor
603 2699 719 2773 esset,
750 2685 809 2756 vel
828 2685 954 2783 potius
974 2684 1117 2773 albida,
1143 2687 1183 2756 in
1207 2697 1290 2758 to'to

284 2799 361 2884 fere
375 2803 489 2873 latere
502 2801 654 2872 dextero
666 2801 876 2874 rubicunda
886 2826 931 2874 ex
942 2800 1137 2880 manifesta
1147 2803 1287 2876 inflam-

283 2917 448 2992 matione
463 2916 707 3016 spectabatur.
734 2917 836 2990 Nihil
849 2918 891 2988 iu
911 2917 1065 2992 thorace
1085 2917 1194 2994 effusi
1215 2921 1270 2993 hu

282 3038 421 3125 moriS,
438 3039 476 3108 at
490 3034 735 3134 pulmonibus
751 3034 798 3105 ab
811 3059 941 3133 aspera
954 3041 1088 3108 arteria
1100 3037 1286 3127 abscissis3

169 3203 171 3206 -
281 3139 483 3250 quaeralde
500 3153 571 3224 lata
587 3151 677 3222 huic
693 3153 779 3222 viro·
797 3151 1007 3251 obtigerat,
1023 3153 1287 3252 glandulisque

280 3253 567 3342 bronchialibus
582 3267 775 3366 pluribus,
795 3284 831 3343 et
849 3271 1055 3367 majoribus
1068 3295 1181 3369 quam
1197 3295 1285 3342 con·

279 3388 418 3474 suevit,
450 3389 550 3458 circa
570 3387 812 3484 partitionem
837 3388 1034 3477 instructa,
1063 3413 1285 3484 moxaquae

278 3503 589 3603 sanguinolentae,
621 3517 658 3574 et
686 3527 867 3600 spumosae
894 3529 973 3580 non
1000 3504 1149 3576 modica
1168 3508 1284 3603 copia

275 3625 413 3695 sensim
435 3617 590 3692 defluxit
606 3643 636 3690 a
653 3619 810 3708 dextris,
836 3619 1018 3694 modicaa
1042 3622 1211 3696 sinistris.
1235 3626 1283 3692 In

273 3738 484 3837 pericardio
502 3761 582 3806 non
601 3738 823 3833 paucissima
839 3734 1022 3833 aqua-fuit
1041 3763 1095 3813 ex
1110 3736 1206 3816 flavo
1228 3737 1279 3809 le-

273 3857 421 3928 vissime
441 3853 657 3934 rubescens.
678 3858 723 3924 In
740 3868 903 3950 utroque
923 3854 1046 3928 cordis
1066 3856 1278 3929 ventriculo

272 3971 363 4044 albae
380 3961 571 4070 polyposae¹
588 3971 846 4045 concretiones
858 3972 946 4046 iude
961 3997 1176 4078 permagna
1190 3967 1275 4046 vasa
