2816 4668
165 468 232 514 ma.
261 469 308 515 11.
330 468 379 514 nu
401 463 538 514 nonius
564 461 762 528 rnunncis,
788 463 900 511 urrsr.
922 463 1021 509 xxvi.
1049 437 1123 534 469

7 605 14 616 ·
116 579 333 652 dilatatione
353 580 415 650 aut
433 578 693 650 contractione
707 573 864 648 ¹affectas
887 575 1122 647 animadver-

116 699 221 784 teris,
242 698 432 784 autetiam
452 697 636 782 sinistras3
654 693 745 764 hinc
763 695 1050 792 enirnquoun
1068 693 1124 764 uti

117 814 238 911 paulo
250 830 337 892 ante
361 813 503 885 dictum
524 827 599 898 est,
621 811 757 882 accidit
775 826 818 882 ut
837 811 1026 882 retardato
1041 835 1129 882 san·

120 932 388 1028 guinis-motu,
409 955 497 1001 cava
513 929 713 1000 dilatetur:
736 929 840 1025 quod
861 930 983 1027 prima
1000 943 1132 1000 osten--

120 1047 185 1120 det
203 1073 249 1120 ex
261 1046 668 1134 Vieusseniinistoriis,
690 1048 810 1145 capite
823 1051 908 1119 XVI
920 1047 1129 1146 propositis

119 1180 298 1238 tractatus
308 1165 354 1239 de
369 1165 494 1258 cordis
505 1179 703 1256 structura.

173 1284 229 1355 28.
242 1287 341 1355 Num
356 1307 450 1356 vero
458 1281 562 1354 hunc
575 1307 622 1353 an
635 1282 750 1352 aiium
763 1283 890 1380 potius
899 1281 1014 1378 hujus
1022 1307 1125 1353 venae

121 1400 297 1473 morbum
312 1398 803 1496 indicaveritAretaeus(1),
820 1419 907 1473 cum
926 1401 1074 1499 scripsit
1090 1405 1128 1470 in

9 1571 18 1586 .
121 1519 310 1592 hac‘vena
328 1531 455 1609 atum
476 1523 592 1603 oriri„
608 1517 765 1613 quando
788 1523 939 1613 sanguis
957 1524 1129 1616 copiosus

124 1661 319 1736 erumpens
332 1641 503 1721 ,citissime
515 1647 636 1704 uttam
653 1631 770 1720 delet,
792 1659 959 1730 quaerere
978 1651 1128 1731 praeter-

124 1754 261 1840 mitto,
277 1776 363 1822 cum
395 1763 553 1848 propter
580 1746 765 1820 variantes
788 1749 842 1822 ibi
863 1750 1065 1840 lectiones,
1087 1765 1130 1822 ut

10 1873 23 1888 ‘
124 1873 256 1940 Petrus
268 1865 476 1968 Petitus(a)
490 1865 613 1953 malit,
629 1871 663 1935 si
677 1881 792 1964 rupta
800 1893 901 1939 vena
913 1873 1130 1964 sanguinem

126 1985 319 2087 effuderit,
338 1998 418 2055 tum
437 1982 642 2082 praesertim
662 1981 712 2053 ob
730 1982 840 2057 latius
854 1998 1046 2082 patentem
1065 2008 1131 2054 vo·

127 2105 180 2176 cis
214 2103 315 2174 iilius
334 2113 460 2189 xtrpm
483 2097 812 2198 significationem,
844 2127 889 2174 ex
915 2102 1060 2173 Galeno
1090 2104 1131 2174 in

128 2221 276 2318 exegesi
292 2219 343 2290 ita
359 2197 533 2317 expositae
550 2232 692 2290 veteres
710 2221 884 2315 exfluoeu
895 2221 1062 2312 affectus
1085 2220 1133 2292 Il·

126 2337 195 2408 lud
207 2338 345 2408 certius
363 2352 436 2421 est,
449 2340 636 2408 Aretaeum
648 2335 694 2408 de
704 2335 820 2432 hujus
836 2361 939 2408 venae
954 2339 1131 2436 ruptione

127 2454 251 2552 loqui,
283 2469 320 2526 et
342 2457 510 2552 primum
533 2453 694 2550 ¹quidem
716 2455 757 2524 in
782 2454 958 2544 thorace,
983 2470 1026 2526 ut
1049 2481 1132 2553 quae

86 2627 89 2634 .
119 2575 309 2653 ,continuo
334 2570 455 2660 addit,
480 2571 706 2643 ostendunt:
723 2596 941 2671 quanquam
964 2598 1043 2644 non
1066 2597 1131 2672 ap·
1207 2580 1212 2588 ’

127 2704 234 2788 paret
261 2689 319 2760 via
345 2713 415 2787 per
438 2713 552 2786 quam
570 2714 615 2760 ex
630 2688 695 2759 illa
720 2688 890 2787 disrupta
910 2691 1132 2788 sanguinein
1181 2733 1183 2738 ·

82 2849 87 2864 ι
127 2808 167 2880 in
183 2808 403 2905 pulmones,
418 2831 682 2906 asperumque,
705 2807 807 2879 unde
826 2806 933 2896 fluat,
955 2809 1132 2882 arteriam

130 2923 301 2996 deducat.
322 2925 394 2996 Sed
416 2950 531 3022 quam
548 2929 713 2997 Aretaeus
727 2927 939 3020 conjecerat
954 2949 1059 2996 venae
1075 2948 1134 2996 ca.-

122 3067 182 3130 ,vae
206 3041 499 3141 disruptionem,
524 3057 698 3114 anatome
723 3039 876 3111 tandem
905 3041 1025 3111 oculis
1043 3041 1134 3137 ipsis

132 3159 301 3256 subjecit.
321 3165 371 3232 Ut
385 3161 530 3230 mittam
546 3157 715 3255 exempla
730 3159 770 3226 in
788 3171 919 3228 ventre
938 3156 1131 3256 disruptae,

69 3307 72 3312 ·
131 3303 209 3377 quo
233 3279 400 3350 incertus
416 3303 499 3349 sum
527 3301 576 3348 an
601 3277 754 3348 attineat
779 3300 885 3348 casus
913 3301 1026 3374 quem
1057 3280 1134 3348 Do-

103 3429 106 3437 *
129 3417 240 3472 natus
252 3400 305 3497 (3)
318 3399 459 3470 indicat
471 3399 573 3498 apud
583 3402 757 3468 Amatum
770 3399 1010 3487 Lusitanum,
1026 3402 1133 3496 cujus

130 3521 171 3588 in
190 3519 339 3616 scriptis
354 3516 517 3588 necdum
531 3517 676 3612 inveni3
694 3517 734 3586 in
750 3516 906 3589 thorace
917 3533 1029 3616 atque
1040 3517 1134 3588 adeo

173 3792 281 3879 (1)'De
296 3821 375 3858 caus.
391 3811 420 3857 et
436 3802 511 3878 sign.
527 3800 623 3856 morb.
638 3811 716 3856 aaut.
731 3803 752 3858 l.
770 3819 797 3875 a,
811 3821 834 3858 c.
848 3801 886 3862 8..

172 3902 216 3978 (a)
238 3903 403 3959 Comment.
419 3894 547 3959 adhunc
564 3888 625 3956 loc.¹

172 4001 217 4080 (3)
236 4003 280 4060 De
293 4003 371 4061 med.
383 4003 455 4060 hist.
469 4002 536 4060 mir.
551 4003 571 4058 l.
589 4007 622 4074 4,
639 4020 664 4058 c.
679 4019 708 4076 9.
