2850 4668
262 467 301 574 t
425 507 476 555 un
502 503 647 554 snorum
672 507 717 554 nr
742 504 866 556 causts
891 503 1102 560 uounoaun

262 623 434 722 gricans:
462 617 707 717 ejusdemque
732 619 925 717 pulmonis
948 623 1159 723 sanguifera
1182 651 1268 700 vasa

262 763 432 815 connexa
452 737 656 810 arctissime
674 761 762 809 cum
781 738 977 813 bronchiis
995 768 1004 810 ε
1024 743 1199 842 interque
1225 770 1268 816 ea

259 884 346 932 vasa
365 881 485 928 unum
505 855 806 928 animadversum
826 871 881 928 est
906 858 1013 955 quod
1042 860 1090 932 ad
1106 876 1269 934 tractum

261 979 406 1073 aliquot
414 973 618 1072 digitorum
632 987 712 1044 erat
723 973 918 1046 dilatatum
928 1001 938 1064 3
947 999 993 1046 eo
1003 991 1128 1050 autem
1141 1004 1270 1052 emen·

263 1121 304 1168 so
323 1107 466 1174 tractu,
486 1089 535 1162 ad
552 1091 691 1192 justam
715 1090 940 1162 diametrum
953 1093 1120 1168 ¹redibat.
1141 1098 1213 1169 Sed
1233 1113 1270 1170 et

259 1209 492 1285 bronchialis
509 1211 653 1280 arteriae
674 1224 851 1311 truncum
869 1209 1026 1282 existere
1042 1207 1120 1284 vidi
1143 1239 1189 1286 ex
1209 1239 1270 1286 ar-

261 1331 356 1404 teria
387 1351 523 1424 magna
552 1325 703 1398 insolita
728 1326 992 1424 amplitudine,
1015 1343 1058 1400 ut
1084 1329 1269 1404 diametro

262 1462 359 1522 esset
377 1445 491 1543 triplo
510 1444 787 1542 propemodum
809 1445 942 1541 majori
970 1471 1084 1543 quam
1104 1448 1209 1521 solet.
1239 1453 1270 1521 Α

262 1565 472 1665 posteriore
482 1575 608 1633 autem
619 1561 817 1660 superficie
830 1563 969 1634 sinistri
979 1565 1180 1638 ventriculi
1191 1549 1273 1638 eor·

264 1687 341 1772 dis,
359 1683 557 1756 intervallo
573 1683 713 1780 gemini
726 1681 833 1781 digiti
849 1687 1051 1757 transversi
1066 1710 1272 1785 supra-mu·

263 1816 661 1891 eronem,extrorsum
671 1802 915 1898 prominebat
924 1801 1272 1894 tuberculum,me·

263 1922 402 1994 diocris
420 1919 536 1991 cerasi
561 1918 842 2016 magnitudine,
868 1935 907 1991 et
926 1917 1066 2018 figura,
1083 1924 1190 2020 cujus
1214 1923 1272 1996 di-

261 2039 422 2110 midium
436 2036 600 2126 extabat,
611 2035 810 2107 dimidium
821 2037 920 2109 intra
935 2037 1182 2121 substantiam
1193 2066 1274 2115 eor·

62 2235 65 2242 ,
169 2254 171 2260 Ι
261 2157 320 2230 dis
343 2181 381 2228 se
405 2153 639 2226 immittebat.
665 2158 753 2224 Erat
769 2154 887 2246 instar
909 2154 1066 2251 alicujus
1082 2156 1272 2255 hydatidis

263 2299 310 2347 ex
326 2275 370 2344 iis
391 2295 474 2372 quae
488 2273 587 2342 intra
602 2271 673 2341 alia
689 2263 851 2359 viscera,
863 2271 1065 2369 pulmones
1084 2291 1190 2374 puta,
1205 2292 1271 2350 aut

262 2415 393 2478 reneS,
407 2392 457 2462 ita
470 2391 741 2478 innascuntur,
753 2404 795 2460 ut
807 2405 912 2488 parte
926 2392 982 2463 sui
994 2391 1118 2492 aliqua
1128 2395 1269 2493 promi-

247 2519 381 2584 'neant
410 2524 548 2579 tamen.
576 2507 649 2578 Sed
674 2525 946 2606 compunctum
973 2535 1130 2610 paucam
1150 2493 1272 2586 emisit

262 2652 421 2726 aquam;
445 2625 694 2698 turbidiorem
724 2643 850 2699 autem
874 2627 1077 2702 humorem
1101 2632 1269 2705 retinuit.

262 2747 337 2837 Qui
345 2771 389 2817 ex
403 2769 560 2843 prorsus
573 2759 705 2842 aperto
722 2745 884 2819 eductus
900 2763 955 2822 est
966 2772 1042 2821 una
1053 2772 1140 2820 cum
1152 2773 1273 2822 mem·

263 2864 443 2952 branula,
462 2863 503 2932 in
524 2887 600 2959 qua
616 2862 700 2934 alba
714 2864 883 2961 quaedam
900 2881 1028 2955 erant,
1044 2882 1081 2939 et
1096 2891 1271 2958 mucosa,

262 2998 344 3054 tum
359 2980 543 3079 particula
559 2982 666 3078 quasi
680 2981 864 3054 tendineae
881 2983 1042 3056 duritiei.
1059 2987 1146 3058 Visa
1162 3002 1216 3058 est
1228 3010 1272 3058 ea
1289 2979 1291 2982 ⁵

262 3098 525 3170 membranula
539 3098 666 3169 locum
685 3101 823 3171 intimae
848 3104 983 3174 tunicae
1005 3102 1046 3172 in
1069 3102 1270 3176 tuberculo

263 3217 454 3304 obtinere3
472 3240 560 3286 nam
573 3218 739 3288 exterior
756 3233 835 3289 erat
845 3207 962 3290 altera
974 3219 1109 3303 densa,
1126 3235 1162 3292 et
1176 3220 1270 3291 albi-

263 3335 330 3421 da,
355 3335 457 3405 intus
481 3357 631 3431 aspera,
656 3349 693 3406 et
712 3337 927 3433 inaequalis,
946 3361 1030 3434 quae
1051 3338 1271 3409 universum

197 3433 198 3437 Ἰ
261 3451 438 3550 cingebat
458 3449 717 3540 tuberculum
739 3468 780 3524 ut
809 3477 877 3526 suo
894 3453 1060 3552 quodam
1086 3439 1270 3528 modoad

263 3595 329 3642 eos
344 3585 514 3641 tumores
530 3569 724 3664 videretur
740 3569 1002 3660 referendum,
1017 3573 1104 3670 qui,
1124 3587 1167 3643 ut
1187 3571 1271 3644 Cel-

260 3685 326 3760 ¹sus
336 3687 391 3782 (1)
406 3686 589 3783 loquitur,
606 3712 655 3756 ex
663 3688 828 3784 parvulo
843 3693 1025 3786 incipiunt
1033 3744 1044 3777 ,
1056 3706 1094 3761 et
1102 3689 1169 3762 diu
1170 3713 1270 3789 pau-

264 3806 444 3902 latimque
464 3810 688 3891 increscunt,
714 3821 753 3874 et
778 3811 903 3877 tunica
927 3831 998 3878 sua
1017 3807 1267 3880 includuntur.

261 4015 706 4117 .2(1)uemeuc.1.7,e'.a.
815 4069 820 4082 ·
