2824 4668
153 493 223 540 nm.
251 492 292 540 11.
321 490 368 538 nn
394 486 533 538 nonnis
557 485 752 552 rnonams,
776 488 888 537 musr.
915 489 1014 540 xxrv.
1042 464 1111 564 317

155 610 212 694 adt
231 603 304 678 Sed
316 605 394 702 jam
413 602 600 676 tandema
619 601 789 700 prolixo,
809 627 881 676 nec
903 600 1040 676 frustra
1058 619 1114 676 ta-

103 749 196 796 rnen
222 723 391 821 prolixo,
425 719 482 792 dew
498 718 691 792 vermibus
716 716 815 792 falsis
837 722 1011 818 verisque
1036 747 1114 794 ser-

104 864 222 912 mone
240 837 289 913 ad
305 837 407 908 illam
431 861 514 934 quae
530 837 571 906 in
586 835 690 907 bunc
710 835 881 923 adduxit,
904 863 1042 937 nempe
1066 839 1114 910 ad

105 971 316 1055 susceptam
331 955 601 1054 polyposarum
619 955 907 1026 concretionum
916 956 1113 1028 historiam

103 1089 352 1148 revertamur.
375 1075 513 1164 Quam,
528 1097 576 1144 ne
600 1073 687 1168 quis
705 1073 865 1171 amplius
880 1075 1110 1172 suspicetur,

105 1193 235 1266 cordis
243 1191 426 1291 polypum
441 1213 522 1262 esse
535 1189 711 1262 morbum
727 1214 866 1262 novum
877 1190 996 1282 ,etab
1009 1217 1110 1264 novo

104 1325 210 1384 aetate
225 1309 296 1382 hac
307 1324 436 1381 nostra
451 1306 603 1380 vivendi
615 1333 752 1407 genere
767 1305 921 1383 fortasse
940 1325 1111 1408 repeten-

106 1429 218 1518 dum,
237 1426 285 1500 ab
306 1425 459 1498 Helidaei
479 1439 650 1524 tempore
659 1426 875 1500 inchoatam
893 1427 952 1524 (Ι)
965 1427 1012 1500 ad
1024 1431 1110 1500 Coi-

104 1561 229 1620 ternm
243 1543 552 1644 perduxeramus.
579 1546 700 1640 Hujus
713 1546 916 1618 anatomici
932 1546 1109 1619 observa-

105 1667 248 1752 tiones,
263 1663 342 1734 aliae
358 1661 468 1732 annis
492 1662 673 1758 proximis
691 1685 872 1759 excepere
892 1685 1025 1735 eorum
1043 1668 1110 1762 qui

105 1787 147 1855 in
171 1781 293 1855 cordo
314 1781 497 1880 polypos,
522 1780 694 1876 vasisque
723 1794 959 1877 spectarunt,
985 1797 1028 1853 ut
1051 1789 1107 1854 Jo.

103 1901 275 2000 Baptistae
285 1895 805 1986 Canani,GulielmiBallonii,
817 1897 969 1968 Thumae
978 1901 1107 1972 Erasti.

104 2019 252 2090 Primus
269 2015 371 2088 enim
388 2011 947 2113 ann01574‚pinguedinem-ad
962 2041 1110 2114 magma

105 2133 276 2208 candelae
294 2133 461 2204 sebaceae
468 2133 643 2226 sormam
654 2135 694 2204 in
707 2133 857 2206 sinistro
874 2135 999 2208 cordis
1017 2161 1110 2210 ven·

104 2251 245 2326 trioulo
260 2250 405 2320 invenit
421 2249 566 2321 ostiarii
586 2241 828 2324 serenissimae
846 2253 1110 2326 Ducis'Ferra-

105 2369 262 2456 nensis,
288 2366 410 2439 subita
437 2381 569 2438 morte
590 2369 766 2458 extincti,
792 2385 835 2440 ut
859 2396 903 2442 ex
926 2371 1109 2459 Boschio,

102 2486 202 2560 illius
217 2483 425 2582 discipulo,
441 2484 481 2558 iu
496 2483 785 2582 Sepulchretum
796 2490 1066 2588 anatomicum(
1093 2491 1107 2587 'J

103 2604 264 2676 relatum
283 2615 348 2674 est.
368 2604 490 2692 Quam
508 2600 808 2676 observationem
822 2607 852 2677 si
867 2629 954 2678 cum
969 2633 1011 2680 ea
1026 2633 1108 2706 quae

104 2721 274 2820 proxime
293 2717 473 2816 praecedit
481 2717 563 2818 (3),
579 2717 769 2812 conferas,
789 2738 988 2822 utramque
1007 2749 1109 2796 eam-

103 2836 190 2908 dem
211 2828 290 2908 esse
312 2836 509 2933 conjicies,
529 2835 577 2908 ab
595 2838 641 2910 iis
661 2838 864 2939 exquibus
885 2840 1110 2914 describitur

102 2979 172 3053 per
189 2954 374 3024 incuriam
394 2957 545 3028 ostiarii
560 2954 746 3027 vocabulo
769 2958 927 3046 omisso,
944 2973 987 3030 ut
1003 2961 1108 3056 quod

102 3073 203 3143 ineo
218 3068 358 3160 fuit,in
373 3075 479 3146 Duce
490 3069 604 3146 fuisse
619 3073 799 3146 videatur.
812 3073 857 3145 Id
872 3076 1007 3148 melius
1021 3101 1109 3175 cog·

101 3213 255 3278 nosces,
272 3213 354 3260 eam
367 3189 673 3288 qua-indicatur,
691 3207 862 3289 quartam
875 3194 1024 3266 Boschii
1039 3195 1110 3267 lec·
1201 3217 1205 3225 ·
1247 3189 1250 3199 ’

101 3308 245 3380 tionem
260 3306 465 3404 inspiciens
481 3331 564 3406 pag.
584 3333 664 3378 non
680 3309 772 3399 4385
788 3336 913 3408 neque
932 3313 1031 3383 enim
1044 3339 1109 3412 pa-

101 3425 208 3523 ginas
226 3421 272 3520 76
285 3411 467 3498 universae
484 3423 687 3512 excedunt,
705 3427 770 3498 sed
780 3427 846 3498 38:
866 3455 937 3502 nec
951 3431 1110 3504 mirabe-

100 3542 174 3630 ris,
202 3539 307 3640 quod
340 3543 535 3614 Cananum
562 3557 599 3614 et
630 3543 702 3634 ibi,
729 3559 766 3617 et
796 3549 1109 3644 quotiescumque

140 3839 187 3918 (ι)
208 3843 246 3898 N.
266 3859 315 3899 22.

139 3939 183 4018 (a)
204 3943 240 3998 L.
257 3959 328 4015 2‚s.
346 3961 398 4014 11,
416 3941 481 3998 obs.
498 3939 602 4014 ΜΒ.

141 4039 186 4117 (3)
207 4040 287 4098 lbid.
314 4046 372 4112 54.
