2816 4668
183 423 252 472 mn.
279 423 319 500 ιι.
348 424 394 478 nr.
421 422 556 470 nonnis
581 422 779 485 tuosius,
805 425 917 472 sr1sr.
945 426 1027 472 xxv.
1056 405 1128 503 407

117 531 225 608 facile
239 535 417 634 intelligis
433 535 527 620 milri
546 560 624 608 esso
644 517 962 630 considerandum
979 563 1027 609 an
1042 544 1131 611 Cor·

115 677 251 758 nacem
279 655 386 754 sequi
412 624 570 726 debeam
604 653 823 726 credentem
857 617 984 728 idell'
976 683 1015 726 ιιι
1052 657 1128 732 hoc

114 747 246 844 Massie
262 798 362 872 aegro
382 797 461 847 non
480 769 593 848 luisse
613 769 800 870 deliquia,
820 773 924 870 quod
936 773 1062 848 cordis
1078 771 1131 848 af·

114 888 230 970 fectio
252 891 442 972 recentior
462 905 567 962 esset.
581 892 726 988 Sequor
739 904 864 962 autem
876 917 921 962 eo
936 891 1128 985 libentiuS‚

115 1034 205 1082 cum
223 1035 294 1108 pus
310 1007 592 1096 animadverto,
610 1033 689 1078 non
708 1007 824 1080 modo
845 1009 884 1078 in
905 995 1039 1099 corde,
1062 1011 1128 1104 ¹sed

114 1129 157 1198 in
175 1129 358 1225 pulmone
376 1128 487 1206 etiam
505 1123 639 1215 fuisse,
663 1126 803 1200 scilicet
826 1131 992 1226 utroque
1020 1126 1127 1203 facile

112 1247 338 1321 translatum
357 1272 401 1320 ex
417 1246 537 1343 capite
550 1243 650 1336 {sub
673 1260 842 1338 extremo
868 1245 933 1316 illo
955 1261 1128 1346 tempore

116 1388 205 1436 cum
224 1363 339 1437 homo
350 1362 637 1466 hemiplecticps
650 1378 687 1436 et
703 1377 831 1463 mente
850 1363 1029 1453 alienata,
1045 1379 1128 1436 mo-

115 1480 284 1554 ribundo
301 1481 459 1554 similis
447 1505 571 1584 Jpcere
588 1482 759 1580 potuit-i
742 1465 875 1610 Neque
893 1483 1052 1554 enimin
1068 1483 1127 1579 je-

117 1624 187 1670 our
201 1623 350 1712 semper
360 1623 406 1669 ex
419 1597 619 1671 vulnerato
633 1597 754 1696 capite
769 1599 910 1668 saniem
924 1599 1129 1690 transvehi,

117 1715 223 1792 sed
215 1742 254 1785 m
278 1715 421 1786 viscora
438 1715 550 1793 etiam
577 1713 647 1787 alia
674 1711 842 1784 medicus
866 1728 903 1783 et
927 1713 1128 1812 chirurgus

115 1833 459 1932 experientissimus
480 1809 731 1931 deprehendit
750 1829 1128 1928 Mol1nelhus():et

116 1973 335 2048 quanquam
351 1947 441 2018 huic
452 1947 609 2046 contigit
625 1948 677 2020 sic
696 1947 914 2037 observare,
937 1963 978 2018 ut
995 1974 1038 2018 ea
1053 1949 1126 2020 vis-

115 2092 202 2141 cera
227 2090 421 2162 nunquam
439 2089 516 2138 non
533 2091 583 2168 ρει
602 2069 645 2137 tls
670 2081 790 2136 essent
813 2089 900 2162 quoe
925 2055 1127 2137 abdomine

114 2190 367 2270 continemur,-
376 2182 471 2255 nihil
481 2197 605 2256 tamen
621 2163 963 2282 repugnarevide0‚
974 2171 1053 2281 quo
1064 2183 1128 2254 mi·

114 2324 190 2372 nus
200 2297 403 2398 aliquando
418 2324 461 2370 ea
473 2313 628 2399 quoque
645 2300 719 2371 sint
721 2325 814 2405 0qua:
823 2298 976 2370 thorace
987 2293 1128 2371 abdim-

88 2417 91 2424 ’
115 2432 179 2491 tur
199 2415 274 2515 (2):
298 2441 423 2516 neque
441 2417 549 2516 aliter
564 2414 742 2514 explicari
761 2415 867 2488 facile
879 2441 1022 2516 posse,
1044 2442 1126 2516 quae
1149 2491 1153 2502 ,

113 2539 234 2607 Massa
247 2535 286 2604 in
305 2535 486 2634 pulmone
504 2549 541 2636 et
564 2533 681 2625 corde,
694 2518 808 2632 hujus
829 2532 996 2606 hominis
1021 2525 1145 2608 iuves

111 2655 185 2742 nit,
199 2677 312 2750 quem
326 2668 412 2724 aute
422 2651 561 2741 vulnus
578 2669 972 2754 cognoveratsanum,
989 2669 1027 2724 et
1036 2677 1127 2724 nun-

111 2796 226 2868 qnam
247 2785 487 2867 conquestum
511 2767 559 2838 de
582 2769 709 2866 aliquo
735 2769 867 2841 dolore
876 2794 1033 2867 ‚neque
1055 2787 1126 2840 tus·

107 2895 259 2996 stentem
269 2902 482 2986 postquam
496 2885 739 2961 vulneratns'
725 2913 763 2956 in
781 2887 914 2959 lectulo
932 2879 1121 2973 manebat,

111 3020 177 3078 etc.
205 3009 286 3078 Huc
312 3003 451 3076 addere
478 3000 633 3076 fortasse
663 3027 814 3102 possem
836 3003 939 3073 illam
962 3003 1124 3092 saniem,

112 3147 228 3220 quam
258 3121 384 3193 colore
406 3120 541 3194 eodem
570 3145 648 3218 quo
670 3147 714 3191 ex
740 3121 961 3218 gravissimo
995 3121 1129 3218 capitis

110 3255 148 3312 et
162 3239 309 3314 cerebri
331 3239 506 3328 vulnero,
536 3264 580 3309 ex
604 3237 797 3311 ulceribus
816 3237 959 3336 pariter
982 3237 1125 3309 stillan-

113 3374 208 3446 tem,
227 3361 266 3428 in
287 3355 446 3464 brachio
464 3370 501 3428 et
523 3353 665 3434 femore
682 3339 829 3428 interea
848 3355 1037 3446 reseratis,
1065 3357 1124 3428 vir

149 3673 194 3751 (ι)
216 3675 261 3732 De
282 3673 397 3730 Bonon.
421 3676 470 3733 Sc.
488 3673 598 3745 Aead„
626 3675 792 3731 Commeat.
809 3684 883 3730 tom.
905 3690 938 3744 a,
957 3693 989 3749 p.
1014 3681 1052 3744 ι’,
1073 3673 1126 3730 ubi

111 3774 239 3831 mediet.

151 3872 181 3948 (ι
165 3871 195 3950 ι)
217 3873 299 3944 Quin
310 3875 347 3933 de
358 3871 405 3934 his
416 3873 506 3935 rebus
521 3872 585 3934 vid.
592 3893 659 3951 qua
671 3872 765 3933 funus
778 3871 960 3945 scribuntur,
972 3871 1066 3949 Epist.
1074 3871 1125 3948 51,

111 3993 140 4030 ιι.
156 3991 190 4032 ιι
206 3985 309 4050 etseq.
