2800 4674
191 447 261 500 mn.
288 452 329 500 11.
357 453 403 499 nn
429 449 565 500 nonnis
589 451 784 516 moulon,
810 455 922 504 nr1sr.
939 459 1038 506 uxu.
1072 437 1133 508 161

132 566 203 636 tim
220 565 324 662 quod
343 564 390 636 ad
414 563 540 636 sedem
560 567 710 653 attinet,
731 565 930 664 diligenter
950 589 1139 652 accurate-

133 707 208 779 que
222 683 322 754 inter
336 706 375 754 se
390 707 618 779 comparare.
645 687 768 753 Unam
796 699 1015 781 propterea,
1036 689 1138 762 haud

132 801 310 897 amplius,
327 800 441 897 paulo
463 800 638 887 attentius
655 797 839 886 habitam,
860 800 922 872 hic
943 827 963 872 a
984 829 1043 876 me
1070 807 1138 878 ob·

133 918 384 990 servationem
399 917 568 1014 accipies.

186 1061 242 1105 22.
257 1035 405 1106 Mulieri
417 1034 570 1132 agresti,
582 1050 804 1106 annosnatae
817 1034 863 1106 ad
877 1037 1139 1136 quadraginta,

131 1168 263 1224 tumor
276 1151 323 1222 ad
336 1151 500 1222 calcanei
512 1150 652 1221 dexteri
668 1152 762 1222 latus
775 1154 966 1224 internum
981 1155 1074 1228 adeo
1086 1160 1138 1228 inu

134 1285 321 1357 creverat,
334 1284 376 1341 ut
389 1267 580 1339 modicum
595 1284 757 1365 aequaret
767 1269 931 1343 hominis
944 1290 1066 1371 caput.
1080 1275 1137 1348 Ob

131 1413 216 1460 eam
228 1387 580 1487 magnitudinem,et
590 1386 694 1484 quod
705 1389 752 1460 ab
767 1391 994 1462 steatomatis
1003 1407 1140 1466 natura

133 1505 385 1605 degenerans,
402 1503 520 1578 factus
535 1507 612 1603 jam
630 1521 709 1578 erat
726 1531 944 1596 cancrosus,
960 1511 999 1580 in
1017 1516 1139 1584 Vene-

132 1640 216 1698 tum
241 1624 512 1696 incurabilium
543 1606 806 1696 nosocomium
839 1641 993 1723 ¹excepta
1016 1626 1139 1712 ‚fuerat

132 1742 286 1830 mulier,
307 1757 344 1813 et
364 1745 395 1814 is
413 1742 791 1844 tumorexstirpatus.
811 1741 885 1812 Sed
905 1767 990 1813 cum
1011 1747 1139 1841 repul-

131 1861 305 1948 lulasset,
321 1883 463 1929 annum
475 1859 553 1952 jam
563 1856 721 1926 alterum
735 1857 788 1926 ibi
804 1863 1041 1954 permanenti
1051 1887 1139 1943 ,mu-

133 1977 237 2066 lieri,
255 1999 381 2072 neque
406 1973 486 2043 ullo
510 1973 557 2044 de
583 1969 717 2043 affectu
736 1990 949 2071 conquestae
964 2000 1138 2074 ¹unquam

134 2097 202 2192 qui
218 2093 267 2165 ad
285 2091 478 2164 thoracem
496 2091 690 2180 attineret,
705 2091 840 2162 accidit
854 2107 895 2164 ut
910 2093 957 2164 ad
970 2093 1139 2190 hujus-si-
1198 2090 1201 2095 ’

134 2213 293 2283 nistram
313 2223 456 2307 partem
481 2223 674 2306 pungente
703 2206 834 2280 dolore
865 2212 1138 2310 corriperetur,

135 2353 252 2428 quem
264 2325 396 2414 febris,
414 2341 450 2396 et
464 2324 629 2423 spirandi
641 2321 840 2397 difficultas
851 2327 1135 2402 comitabantur.

134 2443 258 2542 Semel
280 2458 392 2541 atque
408 2444 547 2514 iterum
564 2441 698 2528 missus
712 2456 767 2513 est
789 2446 954 2541 sanguis,
973 2446 1034 2515 cui
1054 2446 1138 2518 alba

132 2562 321 2636 insidebat
333 2575 473 2648 crusta,
490 2560 618 2632 datum
634 2559 759 2631 oleum
772 2585 816 2631 ex
828 2560 1001 2634 dulcibus
1011 2585 1138 2660 amyg-

130 2667 228 2752 'dalis
243 2703 375 2751 recens
399 2701 634 2776 expressum,
654 2703 779 2776 neque
802 2679 872 2748 alia
901 2681 1037 2752 omissa
1055 2705 1138 2778 quae

133 2799 175 2868 in
193 2797 562 2896 pleuropneumonia
584 2821 629 2866 ex
652 2819 721 2866 usu
747 2819 827 2866 esse
848 2813 1153 2872 consueverunt.¹

132 2921 204 2988 Per
223 2915 318 3003 haec,
338 2915 406 2986 etsi
421 2911 518 2984 nihil
535 2912 743 3010 quidquam
763 2930 1045 3012 expectoratum
1065 2931 1138 3004 est,

133 3033 198 3104 illa
217 3031 360 3104 sublata
373 3033 450 3102 visa
464 3045 550 3102 sunt
567 3031 865 3101 omnia.‘Verum
882 3030 961 3102 dies
973 3031 1139 3116 necdum

132 3151 335 3224 advenerat
353 3148 658 3246 quadragesimus
672 3173 717 3218 ex
731 3171 808 3244 quo
825 3149 1016 3245 inceperat
1030 3151 1138 3247 pleu-

131 3268 419 3366 ripneumonia,
453 3291 540 3338 cum
566 3266 823 3364 respirationis
852 3263 1051 3356 difficultas
1080 3269 1139 3339 in-

133 3409 270 3484 gruere
291 3385 404 3483 coepit
422 3409 509 3471 cum
532 3408 644 3456 sensu
667 3379 843 3480 angustiae
868 3397 904 3456 et
923 3381 1138 3468 suffocatio-

132 3505 208 3592 nis,
228 3518 271 3573 ut
286 3503 364 3598 jam
384 3500 515 3572 altiore
538 3504 658 3599 capite
686 3515 722 3571 et
751 3499 863 3572 dorso
885 3500 1023 3572 cubare
1042 3527 1138 3600 aegra

134 3635 357 3719 cogeretur:
380 3635 416 3690 et
433 3620 563 3716 pulsus
580 3619 665 3714 qni,
683 3643 768 3689 cum
790 3616 911 3691 fuerat
929 3603 1138 3691 inflamma-

130 3739 204 3824 tio,
217 3738 468 3808 intermiserat
477 3761 631 3823 ,rursus
647 3735 707 3806 vel
724 3737 841 3834 magis
854 3734 1135 3806 intermittebat.

131 3853 266 3926 Nullus
293 3870 418 3927 tamen
438 3852 565 3940 dolor,
592 3852 695 3922 nulla
721 3854 852 3940 tussis,
877 3850 1025 3920 nullum
1052 3875 1140 3946 spu-

132 3984 234 4061 tum,
251 3968 366 4042 febris
380 3969 501 4059 nulla3
518 3970 590 4042 uisi
608 3968 714 4066 quod
728 3968 870 4040 ultimis
885 3965 1038 4038 tandem
1060 3964 1138 4036 die-

204 4087 237 4160 3.
921 4107 958 4152 11
