<?xml version="1.0" encoding="UTF-8"?>
<!DOCTYPE html PUBLIC "-//W3C//DTD XHTML 1.0 Transitional//EN"
    "http://www.w3.org/TR/xhtml1/DTD/xhtml1-transitional.dtd">
<html xmlns="http://www.w3.org/1999/xhtml" xml:lang="en" lang="en">
 <head>
  <title>
</title>
<meta http-equiv="Content-Type" content="text/html;charset=utf-8" />
  <meta name='ocr-system' content='tesseract 3.04.00' />
  <meta name='ocr-capabilities' content='ocr_page ocr_carea ocr_par ocr_line ocrx_word'/>
</head>
<body>
  <div class='ocr_page' id='page_1' title='image "./desedibusetcaus01adelgoog_0066.png"; bbox 0 0 2850 4668; ppageno 0'>
   <div class='ocr_carea' id='block_1_1' title="bbox 196 447 1129 564">
    <p class='ocr_par' dir='ltr' id='par_1_1' title="bbox 196 447 1129 564">
     <span class='ocr_line' id='line_1_1' title="bbox 196 447 1129 564; baseline 0.011 -35"><span class='ocrx_word' id='word_1_1' title='bbox 196 485 264 530; x_wconf 81' lang='lat' dir='ltr'><strong>ma.</strong></span> <span class='ocrx_word' id='word_1_2' title='bbox 293 447 335 530; x_wconf 85' lang='lat'><strong>11.¹</strong></span> <span class='ocrx_word' id='word_1_3' title='bbox 361 482 926 549; x_wconf 74' lang='lat' dir='ltr'><strong>nnmoun1srnomc1s,ar1sr.</strong></span> <span class='ocrx_word' id='word_1_4' title='bbox 955 489 1026 538; x_wconf 87' lang='lat' dir='ltr'><strong>xxt.</strong></span> <span class='ocrx_word' id='word_1_5' title='bbox 1085 463 1129 564; x_wconf 83' lang='lat'><strong>57</strong></span> 
     </span>
    </p>
   </div>
   <div class='ocr_carea' id='block_1_2' title="bbox 46 594 1193 4094">
    <p class='ocr_par' dir='ltr' id='par_1_2' title="bbox 121 594 1193 933">
     <span class='ocr_line' id='line_1_2' title="bbox 121 594 1132 701; baseline 0.006 -35"><span class='ocrx_word' id='word_1_6' title='bbox 121 594 196 667; x_wconf 93' lang='lat' dir='ltr'><strong>huc</strong></span> <span class='ocrx_word' id='word_1_7' title='bbox 210 597 400 694; x_wconf 86' lang='lat' dir='ltr'><strong>sanguinis</strong></span> <span class='ocrx_word' id='word_1_8' title='bbox 412 595 590 694; x_wconf 87' lang='lat' dir='ltr'><strong>grumuli:</strong></span> <span class='ocrx_word' id='word_1_9' title='bbox 602 621 716 693; x_wconf 91' lang='lat' dir='ltr'><strong>quem</strong></span> <span class='ocrx_word' id='word_1_10' title='bbox 730 597 836 670; x_wconf 89' lang='lat' dir='ltr'><strong>nullo</strong></span> <span class='ocrx_word' id='word_1_11' title='bbox 847 603 1000 700; x_wconf 82' lang='lat' dir='ltr'><strong>negotio</strong></span> <span class='ocrx_word' id='word_1_12' title='bbox 1011 603 1132 701; x_wconf 87' lang='lat' dir='ltr'><strong>expri-</strong></span> 
     </span>
     <span class='ocr_line' id='line_1_3' title="bbox 121 712 1130 815; baseline 0.008 -33"><span class='ocrx_word' id='word_1_13' title='bbox 121 737 224 785; x_wconf 83' lang='lat' dir='ltr'>mere</span> <span class='ocrx_word' id='word_1_14' title='bbox 237 712 373 784; x_wconf 86' lang='lat' dir='ltr'>licebat</span> <span class='ocrx_word' id='word_1_15' title='bbox 383 737 428 784; x_wconf 86' lang='lat' dir='ltr'><strong>ex</strong></span> <span class='ocrx_word' id='word_1_16' title='bbox 440 714 620 784; x_wconf 86' lang='lat' dir='ltr'><strong>interiore</strong></span> <span class='ocrx_word' id='word_1_17' title='bbox 635 713 735 786; x_wconf 88' lang='lat' dir='ltr'><strong>illius</strong></span> <span class='ocrx_word' id='word_1_18' title='bbox 748 717 908 805; x_wconf 89' lang='lat' dir='ltr'><strong>cervice,</strong></span> <span class='ocrx_word' id='word_1_19' title='bbox 923 719 1130 815; x_wconf 89' lang='lat' dir='ltr'><strong>praesertim</strong></span> 
     </span>
     <span class='ocr_line' id='line_1_4' title="bbox 122 828 1193 933; baseline 0.004 -31"><span class='ocrx_word' id='word_1_20' title='bbox 122 843 248 902; x_wconf 88' lang='lat' dir='ltr'><strong>autem</strong></span> <span class='ocrx_word' id='word_1_21' title='bbox 267 855 312 901; x_wconf 90' lang='lat' dir='ltr'><strong>ex</strong></span> <span class='ocrx_word' id='word_1_22' title='bbox 329 828 474 902; x_wconf 85' lang='lat' dir='ltr'><strong>fundo:</strong></span> <span class='ocrx_word' id='word_1_23' title='bbox 503 830 612 926; x_wconf 88' lang='lat' dir='ltr'><strong>cujus</strong></span> <span class='ocrx_word' id='word_1_24' title='bbox 633 831 868 930; x_wconf 82' lang='lat' dir='ltr'><strong>superficies,</strong></span> <span class='ocrx_word' id='word_1_25' title='bbox 896 837 1037 933; x_wconf 92' lang='lat' dir='ltr'><strong>quippe</strong></span> <span class='ocrx_word' id='word_1_26' title='bbox 1068 836 1130 908; x_wconf 92' lang='lat' dir='ltr'><strong>hic</strong></span> <span class='ocrx_word' id='word_1_27' title='bbox 1191 901 1193 906; x_wconf 88' lang='grc'><em>,</em></span> 
     </span>
    </p>

    <p class='ocr_par' dir='ltr' id='par_1_3' title="bbox 46 946 1130 3040">
     <span class='ocr_line' id='line_1_5' title="bbox 124 946 1129 1048; baseline 0.006 -31"><span class='ocrx_word' id='word_1_28' title='bbox 124 971 202 1018; x_wconf 91' lang='lat' dir='ltr'><strong>non</strong></span> <span class='ocrx_word' id='word_1_29' title='bbox 218 963 343 1035; x_wconf 90' lang='lat' dir='ltr'><strong>tensa,</strong></span> <span class='ocrx_word' id='word_1_30' title='bbox 360 946 561 1044; x_wconf 88' lang='lat' dir='ltr'><strong>quemdam</strong></span> <span class='ocrx_word' id='word_1_31' title='bbox 569 949 686 1044; x_wconf 80' lang='lat' dir='ltr'><strong>quasi</strong></span> <span class='ocrx_word' id='word_1_32' title='bbox 703 974 857 1021; x_wconf 91' lang='lat' dir='ltr'><strong>mucum</strong></span> <span class='ocrx_word' id='word_1_33' title='bbox 872 975 948 1047; x_wconf 93' lang='lat' dir='ltr'><strong>quo</strong></span> <span class='ocrx_word' id='word_1_34' title='bbox 968 952 1048 1048; x_wconf 89' lang='lat' dir='ltr'><strong>ipsa</strong></span> <span class='ocrx_word' id='word_1_35' title='bbox 1062 952 1129 1023; x_wconf 91' lang='lat' dir='ltr'><strong>ob-</strong></span> 
     </span>
     <span class='ocr_line' id='line_1_6' title="bbox 122 1064 1130 1164; baseline 0.005 -28"><span class='ocrx_word' id='word_1_36' title='bbox 122 1064 235 1136; x_wconf 90' lang='lat' dir='ltr'><strong>ducta</strong></span> <span class='ocrx_word' id='word_1_37' title='bbox 249 1079 363 1153; x_wconf 91' lang='lat' dir='ltr'><strong>esset,</strong></span> <span class='ocrx_word' id='word_1_38' title='bbox 380 1065 508 1162; x_wconf 90' lang='lat' dir='ltr'><strong>primo&#39;</strong></span> <span class='ocrx_word' id='word_1_39' title='bbox 518 1079 672 1161; x_wconf 91' lang='lat' dir='ltr'><strong>aspectu</strong></span> <span class='ocrx_word' id='word_1_40' title='bbox 695 1083 1032 1164; x_wconf 74' lang='lat' dir='ltr'><strong>repraesentaverat.</strong></span> <span class='ocrx_word' id='word_1_41' title='bbox 1057 1069 1130 1162; x_wconf 86' lang='lat' dir='ltr'><strong>Sed</strong></span> 
     </span>
     <span class='ocr_line' id='line_1_7' title="bbox 121 1181 1128 1282; baseline 0.002 -28"><span class='ocrx_word' id='word_1_42' title='bbox 121 1182 195 1254; x_wconf 92' lang='lat' dir='ltr'><strong>hoc</strong></span> <span class='ocrx_word' id='word_1_43' title='bbox 212 1183 366 1254; x_wconf 91' lang='lat' dir='ltr'><strong>minime</strong></span> <span class='ocrx_word' id='word_1_44' title='bbox 380 1197 435 1254; x_wconf 89' lang='lat' dir='ltr'><strong>est</strong></span> <span class='ocrx_word' id='word_1_45' title='bbox 447 1182 562 1278; x_wconf 86' lang='lat' dir='ltr'><strong>hujus</strong></span> <span class='ocrx_word' id='word_1_46' title='bbox 579 1181 669 1270; x_wconf 91' lang='lat' dir='ltr'><strong>loci,</strong></span> <span class='ocrx_word' id='word_1_47' title='bbox 684 1199 726 1254; x_wconf 90' lang='lat' dir='ltr'><strong>ut</strong></span> <span class='ocrx_word' id='word_1_48' title='bbox 741 1209 865 1282; x_wconf 90' lang='lat' dir='ltr'><strong>neque</strong></span> <span class='ocrx_word' id='word_1_49' title='bbox 887 1185 1061 1257; x_wconf 91' lang='lat' dir='ltr'><strong>tubarum</strong></span> <span class='ocrx_word' id='word_1_50' title='bbox 1080 1187 1128 1260; x_wconf 91' lang='lat' dir='ltr'><strong>si-</strong></span> 
     </span>
     <span class='ocr_line' id='line_1_8' title="bbox 120 1297 1129 1402; baseline 0.004 -30"><span class='ocrx_word' id='word_1_51' title='bbox 120 1313 198 1388; x_wconf 90' lang='lat' dir='ltr'><strong>tus,</strong></span> <span class='ocrx_word' id='word_1_52' title='bbox 217 1315 255 1372; x_wconf 89' lang='lat' dir='ltr'><strong>et</strong></span> <span class='ocrx_word' id='word_1_53' title='bbox 272 1299 451 1397; x_wconf 83' lang='lat' dir='ltr'><strong>rugarum</strong></span> <span class='ocrx_word' id='word_1_54' title='bbox 469 1301 610 1397; x_wconf 85' lang='lat' dir='ltr'><strong>vaginae</strong></span> <span class='ocrx_word' id='word_1_55' title='bbox 628 1315 778 1391; x_wconf 90' lang='lat' dir='ltr'><strong>natura,</strong></span> <span class='ocrx_word' id='word_1_56' title='bbox 796 1317 833 1373; x_wconf 89' lang='lat' dir='ltr'><strong>et</strong></span> <span class='ocrx_word' id='word_1_57' title='bbox 848 1302 971 1391; x_wconf 90' lang='lat' dir='ltr'><strong>sedes,</strong></span> <span class='ocrx_word' id='word_1_58' title='bbox 991 1297 1028 1374; x_wconf 85' lang='lat' dir='ltr'><strong>et</strong></span> <span class='ocrx_word' id='word_1_59' title='bbox 1047 1303 1129 1402; x_wconf 85' lang='lat' dir='ltr'><strong>glo-</strong></span> 
     </span>
     <span class='ocr_line' id='line_1_9' title="bbox 46 1417 1128 1519; baseline 0.003 -31"><span class='ocrx_word' id='word_1_60' title='bbox 46 1477 50 1488; x_wconf 93' lang='lat'><strong>.</strong></span> <span class='ocrx_word' id='word_1_61' title='bbox 119 1417 219 1490; x_wconf 84' lang='lat' dir='ltr'><strong>hoste</strong></span> <span class='ocrx_word' id='word_1_62' title='bbox 234 1417 444 1489; x_wconf 82' lang='lat' dir='ltr'><strong>carunculae</strong></span> <span class='ocrx_word' id='word_1_63' title='bbox 458 1441 560 1516; x_wconf 89' lang='lat' dir='ltr'><strong>pone</strong></span> <span class='ocrx_word' id='word_1_64' title='bbox 583 1417 804 1515; x_wconf 86' lang='lat' dir='ltr'><strong>hymenem,</strong></span> <span class='ocrx_word' id='word_1_65' title='bbox 835 1419 898 1491; x_wconf 91' lang='lat' dir='ltr'><strong>hic</strong></span> <span class='ocrx_word' id='word_1_66' title='bbox 929 1422 1128 1519; x_wconf 85' lang='lat' dir='ltr'><strong>integerri-</strong></span> 
     </span>
     <span class='ocr_line' id='line_1_10' title="bbox 119 1535 1128 1635; baseline 0.003 -29"><span class='ocrx_word' id='word_1_67' title='bbox 119 1559 243 1625; x_wconf 90' lang='lat' dir='ltr'><strong>mum,</strong></span> <span class='ocrx_word' id='word_1_68' title='bbox 261 1535 468 1625; x_wconf 39' lang='lat' dir='ltr'><strong>locatae,vet</strong></span> <span class='ocrx_word' id='word_1_69' title='bbox 487 1536 558 1608; x_wconf 80' lang='lat' dir='ltr'><strong>aba</strong></span> <span class='ocrx_word' id='word_1_70' title='bbox 581 1536 833 1632; x_wconf 82' lang='lat' dir='ltr'><strong>ejuscemodi,</strong></span> <span class='ocrx_word' id='word_1_71' title='bbox 860 1562 941 1635; x_wconf 87' lang='lat' dir='ltr'><strong>quae</strong></span> <span class='ocrx_word' id='word_1_72' title='bbox 966 1537 1058 1608; x_wconf 91' lang='lat' dir='ltr'><strong>mihi</strong></span> <span class='ocrx_word' id='word_1_73' title='bbox 1087 1539 1128 1610; x_wconf 93' lang='lat' dir='ltr'><strong>in</strong></span> 
     </span>
     <span class='ocr_line' id='line_1_11' title="bbox 120 1647 1128 1754; baseline 0.002 -32"><span class='ocrx_word' id='word_1_74' title='bbox 120 1652 209 1740; x_wconf 88' lang='lat' dir='ltr'><strong>hac,</strong></span> <span class='ocrx_word' id='word_1_75' title='bbox 224 1654 264 1723; x_wconf 88' lang='lat' dir='ltr'><strong>in</strong></span> <span class='ocrx_word' id='word_1_76' title='bbox 280 1653 436 1750; x_wconf 89' lang='lat' dir='ltr'><strong>aliisque</strong></span> <span class='ocrx_word' id='word_1_77' title='bbox 451 1654 661 1751; x_wconf 85' lang='lat' dir='ltr'><strong>virginibus</strong></span> <span class='ocrx_word' id='word_1_78' title='bbox 676 1647 869 1743; x_wconf 87' lang='lat' dir='ltr'><strong>adnotata,</strong></span> <span class='ocrx_word' id='word_1_79' title='bbox 889 1655 1041 1754; x_wconf 87' lang='lat' dir='ltr'><strong>quidam</strong></span> <span class='ocrx_word' id='word_1_80' title='bbox 1055 1656 1128 1725; x_wconf 87' lang='lat' dir='ltr'><strong>viri</strong></span> 
     </span>
     <span class='ocr_line' id='line_1_12' title="bbox 120 1767 1126 1868; baseline 0.005 -30"><span class='ocrx_word' id='word_1_81' title='bbox 120 1767 224 1841; x_wconf 87' lang='lat' dir='ltr'><strong>docti</strong></span> <span class='ocrx_word' id='word_1_82' title='bbox 242 1771 380 1867; x_wconf 82' lang='lat' dir='ltr'><strong>partim</strong></span> <span class='ocrx_word' id='word_1_83' title='bbox 393 1795 471 1841; x_wconf 90' lang='lat' dir='ltr'><strong>non</strong></span> <span class='ocrx_word' id='word_1_84' title='bbox 487 1770 664 1842; x_wconf 86' lang='lat' dir='ltr'><strong>videntur</strong></span> <span class='ocrx_word' id='word_1_85' title='bbox 675 1772 829 1861; x_wconf 84' lang='lat' dir='ltr'><strong>vidisse,</strong></span> <span class='ocrx_word' id='word_1_86' title='bbox 849 1774 985 1868; x_wconf 89' lang='lat' dir='ltr'><strong>partim</strong></span> <span class='ocrx_word' id='word_1_87' title='bbox 999 1772 1126 1842; x_wconf 84' lang='lat' dir='ltr'><strong>viden-</strong></span> 
     </span>
     <span class='ocr_line' id='line_1_13' title="bbox 118 1887 1127 1983; baseline 0.002 -26"><span class='ocrx_word' id='word_1_88' title='bbox 118 1901 184 1958; x_wconf 93' lang='lat' dir='ltr'><strong>tur</strong></span> <span class='ocrx_word' id='word_1_89' title='bbox 202 1911 223 1958; x_wconf 86' lang='lat' dir='ltr'><strong>a</strong></span> <span class='ocrx_word' id='word_1_90' title='bbox 240 1911 301 1959; x_wconf 89' lang='lat' dir='ltr'><strong>me</strong></span> <span class='ocrx_word' id='word_1_91' title='bbox 320 1887 409 1958; x_wconf 86' lang='lat' dir='ltr'><strong>olim</strong></span> <span class='ocrx_word' id='word_1_92' title='bbox 424 1911 505 1958; x_wconf 89' lang='lat' dir='ltr'><strong>esse</strong></span> <span class='ocrx_word' id='word_1_93' title='bbox 517 1888 799 1983; x_wconf 88' lang='lat' dir='ltr'><strong>propositanon</strong></span> <span class='ocrx_word' id='word_1_94' title='bbox 815 1889 1039 1959; x_wconf 86' lang='lat' dir='ltr'><strong>meminisse.</strong></span> <span class='ocrx_word' id='word_1_95' title='bbox 1055 1891 1127 1960; x_wconf 89' lang='lat' dir='ltr'><strong>Ne·</strong></span> 
     </span>
     <span class='ocr_line' id='line_1_14' title="bbox 118 2001 1127 2100; baseline 0 -25"><span class='ocrx_word' id='word_1_96' title='bbox 118 2029 195 2100; x_wconf 91' lang='lat' dir='ltr'><strong>que</strong></span> <span class='ocrx_word' id='word_1_97' title='bbox 210 2007 321 2075; x_wconf 84' lang='lat' dir='ltr'><strong>etiam</strong></span> <span class='ocrx_word' id='word_1_98' title='bbox 337 2003 423 2078; x_wconf 88' lang='lat' dir='ltr'><strong>satis</strong></span> <span class='ocrx_word' id='word_1_99' title='bbox 435 2001 511 2072; x_wconf 92' lang='lat' dir='ltr'><strong>huc</strong></span> <span class='ocrx_word' id='word_1_100' title='bbox 527 2003 718 2099; x_wconf 85' lang='lat' dir='ltr'><strong>pertinent</strong></span> <span class='ocrx_word' id='word_1_101' title='bbox 731 2001 990 2100; x_wconf 86' lang='lat' dir='ltr'><strong>deprehensus</strong></span> <span class='ocrx_word' id='word_1_102' title='bbox 1003 2005 1042 2072; x_wconf 95' lang='lat' dir='ltr'><strong>in</strong></span> <span class='ocrx_word' id='word_1_103' title='bbox 1055 2003 1127 2075; x_wconf 88' lang='lat' dir='ltr'><strong>hac</strong></span> 
     </span>
     <span class='ocr_line' id='line_1_15' title="bbox 116 2107 1128 2218; baseline 0.002 -28"><span class='ocrx_word' id='word_1_104' title='bbox 116 2107 264 2217; x_wconf 73' lang='lat' dir='ltr'><strong>uirgine</strong></span> <span class='ocrx_word' id='word_1_105' title='bbox 297 2120 575 2218; x_wconf 86' lang='lat' dir='ltr'><strong>pituitariorum</strong></span> <span class='ocrx_word' id='word_1_106' title='bbox 605 2119 753 2191; x_wconf 91' lang='lat' dir='ltr'><strong>sinuum</strong></span> <span class='ocrx_word' id='word_1_107' title='bbox 789 2119 1057 2209; x_wconf 84' lang='lat' dir='ltr'><strong>maxillarium,</strong></span> <span class='ocrx_word' id='word_1_108' title='bbox 1091 2134 1128 2192; x_wconf 87' lang='lat' dir='ltr'><strong>et</strong></span> 
     </span>
     <span class='ocr_line' id='line_1_16' title="bbox 119 2234 1127 2334; baseline 0.001 -26"><span class='ocrx_word' id='word_1_109' title='bbox 119 2235 442 2334; x_wconf 89' lang='lat' dir='ltr'><strong>sphenoideorum</strong></span> <span class='ocrx_word' id='word_1_110' title='bbox 464 2234 653 2324; x_wconf 86' lang='lat' dir='ltr'><strong>defectus,</strong></span> <span class='ocrx_word' id='word_1_111' title='bbox 673 2251 715 2308; x_wconf 91' lang='lat' dir='ltr'><strong>ut</strong></span> <span class='ocrx_word' id='word_1_112' title='bbox 730 2251 895 2334; x_wconf 86' lang='lat' dir='ltr'><strong>quorum</strong></span> <span class='ocrx_word' id='word_1_113' title='bbox 912 2261 1001 2308; x_wconf 91' lang='lat' dir='ltr'><strong>usus</strong></span> <span class='ocrx_word' id='word_1_114' title='bbox 1018 2252 1127 2309; x_wconf 85' lang='lat' dir='ltr'><strong>aucta</strong></span> 
     </span>
     <span class='ocr_line' id='line_1_17' title="bbox 117 2353 1125 2453; baseline 0.001 -29"><span class='ocrx_word' id='word_1_115' title='bbox 117 2354 398 2452; x_wconf 85' lang='lat' dir='ltr'><strong>magnitudine,</strong></span> <span class='ocrx_word' id='word_1_116' title='bbox 419 2369 456 2426; x_wconf 89' lang='lat' dir='ltr'><strong>et</strong></span> <span class='ocrx_word' id='word_1_117' title='bbox 473 2377 634 2426; x_wconf 88' lang='lat' dir='ltr'><strong>numero</strong></span> <span class='ocrx_word' id='word_1_118' title='bbox 655 2369 876 2426; x_wconf 86' lang='lat' dir='ltr'><strong>caeterorum</strong></span> <span class='ocrx_word' id='word_1_119' title='bbox 894 2353 1125 2453; x_wconf 90' lang='lat' dir='ltr'><strong>suppleban-</strong></span> 
     </span>
     <span class='ocr_line' id='line_1_18' title="bbox 116 2471 1128 2571; baseline 0.003 -29"><span class='ocrx_word' id='word_1_120' title='bbox 116 2485 189 2542; x_wconf 89' lang='lat' dir='ltr'><strong>tur.</strong></span> <span class='ocrx_word' id='word_1_121' title='bbox 209 2475 259 2558; x_wconf 84' lang='lat' dir='ltr'><strong>At</strong></span> <span class='ocrx_word' id='word_1_122' title='bbox 276 2471 422 2569; x_wconf 89' lang='lat' dir='ltr'><strong>reliqua</strong></span> <span class='ocrx_word' id='word_1_123' title='bbox 440 2473 651 2571; x_wconf 81' lang='lat' dir='ltr'><strong>pertinent,</strong></span> <span class='ocrx_word' id='word_1_124' title='bbox 671 2497 751 2570; x_wconf 88' lang='lat' dir='ltr'><strong>quae</strong></span> <span class='ocrx_word' id='word_1_125' title='bbox 771 2471 977 2568; x_wconf 86' lang='lat' dir='ltr'><strong>subjiciam.</strong></span> <span class='ocrx_word' id='word_1_126' title='bbox 1002 2475 1046 2543; x_wconf 91' lang='lat' dir='ltr'><strong>In</strong></span> <span class='ocrx_word' id='word_1_127' title='bbox 1066 2473 1128 2545; x_wconf 73' lang='lat' dir='ltr'><strong>ca·¹</strong></span> 
     </span>
     <span class='ocr_line' id='line_1_19' title="bbox 118 2588 1125 2688; baseline 0.005 -31"><span class='ocrx_word' id='word_1_128' title='bbox 118 2589 196 2686; x_wconf 88' lang='lat' dir='ltr'><strong>pite</strong></span> <span class='ocrx_word' id='word_1_129' title='bbox 215 2590 316 2660; x_wconf 90' lang='lat' dir='ltr'><strong>enim</strong></span> <span class='ocrx_word' id='word_1_130' title='bbox 337 2588 462 2661; x_wconf 77' lang='lat' dir='ltr'><strong>fauces</strong></span> <span class='ocrx_word' id='word_1_131' title='bbox 483 2604 520 2662; x_wconf 93' lang='lat' dir='ltr'><strong>et</strong></span> <span class='ocrx_word' id='word_1_132' title='bbox 541 2590 697 2680; x_wconf 87' lang='lat' dir='ltr'><strong>vicinia,</strong></span> <span class='ocrx_word' id='word_1_133' title='bbox 720 2592 828 2688; x_wconf 92' lang='lat' dir='ltr'><strong>quasi</strong></span> <span class='ocrx_word' id='word_1_134' title='bbox 853 2615 897 2662; x_wconf 81' lang='lat' dir='ltr'><strong>ex</strong></span> <span class='ocrx_word' id='word_1_135' title='bbox 915 2588 1125 2662; x_wconf 88' lang='lat' dir='ltr'><strong>inflamma-</strong></span> 
     </span>
     <span class='ocr_line' id='line_1_20' title="bbox 115 2705 1124 2807; baseline 0.005 -33"><span class='ocrx_word' id='word_1_136' title='bbox 115 2707 218 2778; x_wconf 90' lang='lat' dir='ltr'><strong>tione</strong></span> <span class='ocrx_word' id='word_1_137' title='bbox 238 2705 367 2779; x_wconf 87' lang='lat' dir='ltr'><strong>foetere</strong></span> <span class='ocrx_word' id='word_1_138' title='bbox 383 2706 624 2806; x_wconf 87' lang='lat' dir='ltr'><strong>incipiebant.</strong></span> <span class='ocrx_word' id='word_1_139' title='bbox 643 2712 696 2778; x_wconf 86' lang='lat' dir='ltr'><strong>Ex</strong></span> <span class='ocrx_word' id='word_1_140' title='bbox 710 2723 840 2807; x_wconf 84' lang='lat' dir='ltr'><strong>aperto</strong></span> <span class='ocrx_word' id='word_1_141' title='bbox 858 2722 983 2780; x_wconf 90' lang='lat' dir='ltr'><strong>autem</strong></span> <span class='ocrx_word' id='word_1_142' title='bbox 994 2712 1124 2780; x_wconf 88' lang='lat' dir='ltr'><strong>cranio</strong></span> 
     </span>
     <span class='ocr_line' id='line_1_21' title="bbox 116 2822 1122 2924; baseline 0.005 -31"><span class='ocrx_word' id='word_1_143' title='bbox 116 2822 212 2894; x_wconf 87' lang='lat' dir='ltr'><strong>odor</strong></span> <span class='ocrx_word' id='word_1_144' title='bbox 230 2824 293 2898; x_wconf 88' lang='lat' dir='ltr'><strong>ille</strong></span> <span class='ocrx_word' id='word_1_145' title='bbox 310 2823 505 2922; x_wconf 88' lang='lat' dir='ltr'><strong>prodibat,</strong></span> <span class='ocrx_word' id='word_1_146' title='bbox 527 2839 570 2896; x_wconf 92' lang='lat' dir='ltr'><strong>ut</strong></span> <span class='ocrx_word' id='word_1_147' title='bbox 586 2825 637 2897; x_wconf 89' lang='lat' dir='ltr'><strong>sic</strong></span> <span class='ocrx_word' id='word_1_148' title='bbox 665 2825 804 2915; x_wconf 88' lang='lat' dir='ltr'><strong>dicam,</strong></span> <span class='ocrx_word' id='word_1_149' title='bbox 820 2825 965 2918; x_wconf 84' lang='lat' dir='ltr'><strong>acidus,</strong></span> <span class='ocrx_word' id='word_1_150' title='bbox 984 2825 1057 2924; x_wconf 37' lang='lat' dir='ltr'><strong>,qui</strong></span> <span class='ocrx_word' id='word_1_151' title='bbox 1077 2851 1122 2898; x_wconf 84' lang='lat' dir='ltr'><strong>ex</strong></span> 
     </span>
     <span class='ocr_line' id='line_1_22' title="bbox 117 2942 686 3040; baseline 0.005 -30"><span class='ocrx_word' id='word_1_152' title='bbox 117 2962 180 3013; x_wconf 89' lang='lat' dir='ltr'><strong>ore</strong></span> <span class='ocrx_word' id='word_1_153' title='bbox 195 2943 439 3014; x_wconf 85' lang='lat' dir='ltr'><strong>verminantis</strong></span> <span class='ocrx_word' id='word_1_154' title='bbox 457 2944 567 3040; x_wconf 88' lang='lat' dir='ltr'><strong>pueri</strong></span> <span class='ocrx_word' id='word_1_155' title='bbox 582 2942 686 3015; x_wconf 89' lang='lat' dir='ltr'><strong>solet.</strong></span> 
     </span>
    </p>

    <p class='ocr_par' dir='ltr' id='par_1_4' title="bbox 114 3057 1122 3976">
     <span class='ocr_line' id='line_1_23' title="bbox 164 3057 1122 3165; baseline 0.003 -37"><span class='ocrx_word' id='word_1_156' title='bbox 164 3063 209 3130; x_wconf 91' lang='lat' dir='ltr'><strong>In</strong></span> <span class='ocrx_word' id='word_1_157' title='bbox 227 3061 420 3165; x_wconf 79' lang='lat' dir='ltr'><strong>superiore</strong></span> <span class='ocrx_word' id='word_1_158' title='bbox 434 3057 537 3132; x_wconf 85' lang='lat' dir='ltr'><strong>falcis</strong></span> <span class='ocrx_word' id='word_1_159' title='bbox 552 3061 637 3132; x_wconf 92' lang='lat' dir='ltr'><strong>sinu</strong></span> <span class='ocrx_word' id='word_1_160' title='bbox 653 3060 1122 3159; x_wconf 80' lang='lat' dir='ltr'><strong>concretiones&#39;polyposae</strong></span> 
     </span>
     <span class='ocr_line' id='line_1_24' title="bbox 119 3163 1122 3276; baseline 0.004 -30"><span class='ocrx_word' id='word_1_161' title='bbox 119 3176 291 3248; x_wconf 85' lang='lat' dir='ltr'><strong>subalbae.</strong></span> <span class='ocrx_word' id='word_1_162' title='bbox 316 3182 412 3250; x_wconf 90' lang='lat' dir='ltr'><strong>Vasa</strong></span> <span class='ocrx_word' id='word_1_163' title='bbox 438 3203 507 3275; x_wconf 91' lang='lat' dir='ltr'><strong>per</strong></span> <span class='ocrx_word' id='word_1_164' title='bbox 528 3191 682 3250; x_wconf 89' lang='lat' dir='ltr'><strong>tenuem</strong></span> <span class='ocrx_word' id='word_1_165' title='bbox 711 3163 926 3275; x_wconf 84' lang='lat' dir='ltr'><strong>meningem</strong></span> <span class='ocrx_word' id='word_1_166' title='bbox 952 3180 1122 3276; x_wconf 88' lang='lat' dir='ltr'><strong>repentia</strong></span> 
     </span>
     <span class='ocr_line' id='line_1_25' title="bbox 119 3293 1121 3394; baseline 0.006 -30"><span class='ocrx_word' id='word_1_167' title='bbox 119 3293 230 3388; x_wconf 87' lang='lat' dir='ltr'><strong>paulo</strong></span> <span class='ocrx_word' id='word_1_168' title='bbox 249 3293 468 3392; x_wconf 86' lang='lat' dir='ltr'><strong>turgidiora.</strong></span> <span class='ocrx_word' id='word_1_169' title='bbox 489 3300 594 3367; x_wconf 80' lang='lat' dir='ltr'><strong>Inter</strong></span> <span class='ocrx_word' id='word_1_170' title='bbox 618 3295 721 3366; x_wconf 88' lang='lat' dir='ltr'><strong>illam</strong></span> <span class='ocrx_word' id='word_1_171' title='bbox 740 3309 777 3366; x_wconf 90' lang='lat' dir='ltr'><strong>et</strong></span> <span class='ocrx_word' id='word_1_172' title='bbox 794 3293 992 3367; x_wconf 87' lang='lat' dir='ltr'><strong>cerebrum</strong></span> <span class='ocrx_word' id='word_1_173' title='bbox 1007 3319 1121 3394; x_wconf 89' lang='lat' dir='ltr'><strong>aqua,</strong></span> 
     </span>
     <span class='ocr_line' id='line_1_26' title="bbox 118 3411 1121 3510; baseline 0.004 -31"><span class='ocrx_word' id='word_1_174' title='bbox 118 3413 222 3509; x_wconf 91' lang='lat' dir='ltr'><strong>copia</strong></span> <span class='ocrx_word' id='word_1_175' title='bbox 241 3426 367 3484; x_wconf 89' lang='lat' dir='ltr'><strong>tamen</strong></span> <span class='ocrx_word' id='word_1_176' title='bbox 382 3413 530 3484; x_wconf 88' lang='lat' dir='ltr'><strong>modica</strong></span> <span class='ocrx_word' id='word_1_177' title='bbox 540 3437 550 3500; x_wconf 81' lang='lat'><em>3</em></span> <span class='ocrx_word' id='word_1_178' title='bbox 561 3427 608 3484; x_wconf 90' lang='lat' dir='ltr'><strong>ut</strong></span> <span class='ocrx_word' id='word_1_179' title='bbox 619 3413 659 3482; x_wconf 89' lang='lat' dir='ltr'><strong>in</strong></span> <span class='ocrx_word' id='word_1_180' title='bbox 671 3411 890 3484; x_wconf 87' lang='lat' dir='ltr'><strong>ventriculis</strong></span> <span class='ocrx_word' id='word_1_181' title='bbox 903 3437 1057 3510; x_wconf 89' lang='lat' dir='ltr'><strong>quoque</strong></span> <span class='ocrx_word' id='word_1_182' title='bbox 1072 3414 1121 3483; x_wconf 87' lang='lat' dir='ltr'><strong>la-</strong></span> 
     </span>
     <span class='ocr_line' id='line_1_27' title="bbox 117 3526 1119 3626; baseline -0.003 -24"><span class='ocrx_word' id='word_1_183' title='bbox 117 3526 311 3616; x_wconf 84' lang='lat' dir='ltr'><strong>teralibus,</strong></span> <span class='ocrx_word' id='word_1_184' title='bbox 327 3531 367 3598; x_wconf 92' lang='lat' dir='ltr'><strong>in</strong></span> <span class='ocrx_word' id='word_1_185' title='bbox 386 3529 525 3626; x_wconf 91' lang='lat' dir='ltr'><strong>quibus</strong></span> <span class='ocrx_word' id='word_1_186' title='bbox 544 3527 788 3602; x_wconf 89' lang='lat' dir='ltr'><strong>subrubebat.</strong></span> <span class='ocrx_word' id='word_1_187' title='bbox 802 3530 943 3624; x_wconf 45' lang='lat' dir='ltr'><strong>,Plexus</strong></span> <span class='ocrx_word' id='word_1_188' title='bbox 967 3529 1119 3602; x_wconf 89' lang='lat' dir='ltr'><strong>choroi-</strong></span> 
     </span>
     <span class='ocr_line' id='line_1_28' title="bbox 119 3640 1119 3748; baseline 0.003 -36"><span class='ocrx_word' id='word_1_189' title='bbox 119 3640 180 3714; x_wconf 89' lang='lat' dir='ltr'><strong>des</strong></span> <span class='ocrx_word' id='word_1_190' title='bbox 196 3644 386 3743; x_wconf 86' lang='lat' dir='ltr'><strong>palliduli,</strong></span> <span class='ocrx_word' id='word_1_191' title='bbox 403 3646 599 3744; x_wconf 89' lang='lat' dir='ltr'><strong>hydatides</strong></span> <span class='ocrx_word' id='word_1_192' title='bbox 616 3669 754 3745; x_wconf 91' lang='lat' dir='ltr'><strong>paucas</strong></span> <span class='ocrx_word' id='word_1_193' title='bbox 770 3646 946 3748; x_wconf 86' lang='lat' dir='ltr'><strong>quidem,</strong></span> <span class='ocrx_word' id='word_1_194' title='bbox 963 3646 1027 3716; x_wconf 92' lang='lat' dir='ltr'><strong>sed</strong></span> <span class='ocrx_word' id='word_1_195' title='bbox 1040 3669 1119 3715; x_wconf 92' lang='lat' dir='ltr'><strong>ma·</strong></span> 
     </span>
     <span class='ocr_line' id='line_1_29' title="bbox 114 3758 1120 3861; baseline 0.002 -31"><span class='ocrx_word' id='word_1_196' title='bbox 114 3758 520 3852; x_wconf 61' lang='lat' dir='ltr'><strong>juscutanhahuerunt,</strong></span> <span class='ocrx_word' id='word_1_197' title='bbox 532 3762 912 3860; x_wconf 88' lang='lat' dir='ltr'><strong>Deniquecerebrum</strong></span> <span class='ocrx_word' id='word_1_198' title='bbox 922 3761 1120 3861; x_wconf 89' lang='lat' dir='ltr'><strong>paulo‚ce-</strong></span> 
     </span>
     <span class='ocr_line' id='line_1_30' title="bbox 116 3875 1090 3976; baseline 0.003 -31"><span class='ocrx_word' id='word_1_199' title='bbox 116 3875 297 3950; x_wconf 84' lang='lat' dir='ltr'><strong>rebellum</strong></span> <span class='ocrx_word' id='word_1_200' title='bbox 308 3893 433 3951; x_wconf 87' lang='lat' dir='ltr'><strong>autem</strong></span> <span class='ocrx_word' id='word_1_201' title='bbox 443 3880 563 3952; x_wconf 92' lang='lat' dir='ltr'><strong>multo</strong></span> <span class='ocrx_word' id='word_1_202' title='bbox 572 3880 723 3952; x_wconf 85' lang='lat' dir='ltr'><strong>mollius</strong></span> <span class='ocrx_word' id='word_1_203' title='bbox 733 3877 822 3968; x_wconf 78' lang='lat' dir='ltr'><strong>fuit,</strong></span> <span class='ocrx_word' id='word_1_204' title='bbox 837 3903 952 3976; x_wconf 89' lang='lat' dir='ltr'><strong>quam</strong></span> <span class='ocrx_word' id='word_1_205' title='bbox 964 3876 1090 3950; x_wconf 84' lang='lat' dir='ltr'><strong>soleat.</strong></span> 
     </span>
    </p>

    <p class='ocr_par' dir='ltr' id='par_1_5' title="bbox 161 3989 1115 4094">
     <span class='ocr_line' id='line_1_31' title="bbox 161 3989 1115 4094; baseline 0.004 -30"><span class='ocrx_word' id='word_1_206' title='bbox 161 3989 218 4066; x_wconf 81' lang='lat'><strong>30.</strong></span> <span class='ocrx_word' id='word_1_207' title='bbox 244 3995 312 4068; x_wconf 87' lang='lat' dir='ltr'><strong>Vir</strong></span> <span class='ocrx_word' id='word_1_208' title='bbox 328 4017 448 4066; x_wconf 84' lang='lat' dir='ltr'><strong>annos</strong></span> <span class='ocrx_word' id='word_1_209' title='bbox 461 4009 571 4069; x_wconf 90' lang='lat' dir='ltr'><strong>natus</strong></span> <span class='ocrx_word' id='word_1_210' title='bbox 587 4021 652 4069; x_wconf 85' lang='lat' dir='ltr'><strong>sex</strong></span> <span class='ocrx_word' id='word_1_211' title='bbox 670 4010 706 4068; x_wconf 90' lang='lat' dir='ltr'><strong>et</strong></span> <span class='ocrx_word' id='word_1_212' title='bbox 721 3995 1016 4094; x_wconf 84' lang='lat' dir='ltr'><strong>quinquaginta,</strong></span> <span class='ocrx_word' id='word_1_213' title='bbox 1036 3999 1115 4068; x_wconf 85' lang='lat' dir='ltr'><strong>me-</strong></span> 
     </span>
    </p>
   </div>
   <div class='ocr_carea' id='block_1_3' title="bbox 0 0 1430 4668">
    <p class='ocr_par' dir='ltr' id='par_1_6' title="bbox 0 0 1430 4668">
     <span class='ocr_line' id='line_1_32' title="bbox 0 0 1430 4668; baseline 0 3"><span class='ocrx_word' id='word_1_214' title='bbox 0 0 1430 4668; x_wconf 95' lang='lat' dir='ltr'><strong> </strong></span> 
     </span>
    </p>
   </div>
  </div>
 </body>
</html>
