<?xml version="1.0" encoding="UTF-8"?>
<!DOCTYPE html PUBLIC "-//W3C//DTD XHTML 1.0 Transitional//EN"
    "http://www.w3.org/TR/xhtml1/DTD/xhtml1-transitional.dtd">
<html xmlns="http://www.w3.org/1999/xhtml" xml:lang="en" lang="en">
 <head>
  <title>
</title>
<meta http-equiv="Content-Type" content="text/html;charset=utf-8" />
  <meta name='ocr-system' content='tesseract 3.04.00' />
  <meta name='ocr-capabilities' content='ocr_page ocr_carea ocr_par ocr_line ocrx_word'/>
</head>
<body>
  <div class='ocr_page' id='page_1' title='image "./desedibusetcaus01adelgoog_0164.png"; bbox 0 0 2800 4674; ppageno 0'>
   <div class='ocr_carea' id='block_1_1' title="bbox 189 375 1135 484">
    <p class='ocr_par' dir='ltr' id='par_1_1' title="bbox 189 375 1135 484">
     <span class='ocr_line' id='line_1_1' title="bbox 189 375 1135 484; baseline 0.002 -26"><span class='ocrx_word' id='word_1_1' title='bbox 189 375 258 458; x_wconf 78' lang='lat' dir='ltr'><strong>mu.</strong></span> <span class='ocrx_word' id='word_1_2' title='bbox 286 411 327 458; x_wconf 90' lang='lat'><strong>11.</strong></span> <span class='ocrx_word' id='word_1_3' title='bbox 355 411 401 456; x_wconf 83' lang='lat' dir='ltr'><strong>na</strong></span> <span class='ocrx_word' id='word_1_4' title='bbox 427 408 920 472; x_wconf 77' lang='lat' dir='ltr'><strong>noae1sanonacis,aa1sa.</strong></span> <span class='ocrx_word' id='word_1_5' title='bbox 947 411 1035 458; x_wconf 80' lang='lat' dir='ltr'><strong>xxm.</strong></span> <span class='ocrx_word' id='word_1_6' title='bbox 1068 387 1135 484; x_wconf 73' lang='lat'><strong>167</strong></span> 
     </span>
    </p>
   </div>
   <div class='ocr_carea' id='block_1_2' title="bbox 36 521 1146 2973">
    <p class='ocr_par' dir='ltr' id='par_1_2' title="bbox 36 521 1146 2973">
     <span class='ocr_line' id='line_1_2' title="bbox 133 521 1140 622; baseline 0.007 -29"><span class='ocrx_word' id='word_1_7' title='bbox 133 523 410 622; x_wconf 73' lang='lat' dir='ltr'><strong>comprobem,</strong></span> <span class='ocrx_word' id='word_1_8' title='bbox 424 521 526 594; x_wconf 87' lang='lat' dir='ltr'><strong>unde</strong></span> <span class='ocrx_word' id='word_1_9' title='bbox 542 536 578 592; x_wconf 91' lang='lat' dir='ltr'><strong>et</strong></span> <span class='ocrx_word' id='word_1_10' title='bbox 595 521 674 610; x_wconf 86' lang='lat' dir='ltr'><strong>alii,</strong></span> <span class='ocrx_word' id='word_1_11' title='bbox 691 536 727 592; x_wconf 89' lang='lat' dir='ltr'><strong>et</strong></span> <span class='ocrx_word' id='word_1_12' title='bbox 739 544 809 592; x_wconf 90' lang='lat' dir='ltr'><strong>nos</strong></span> <span class='ocrx_word' id='word_1_13' title='bbox 823 523 877 618; x_wconf 88' lang='lat'><strong>(1)</strong></span> <span class='ocrx_word' id='word_1_14' title='bbox 892 537 1043 621; x_wconf 90' lang='lat' dir='ltr'><strong>sputum</strong></span> <span class='ocrx_word' id='word_1_15' title='bbox 1056 550 1140 600; x_wconf 86' lang='lat' dir='ltr'><strong>san·</strong></span> 
     </span>
     <span class='ocr_line' id='line_1_3' title="bbox 131 637 1140 740; baseline 0.006 -28"><span class='ocrx_word' id='word_1_16' title='bbox 131 643 259 740; x_wconf 84' lang='lat' dir='ltr'><strong>guinis</strong></span> <span class='ocrx_word' id='word_1_17' title='bbox 276 641 467 714; x_wconf 84' lang='lat' dir='ltr'><strong>interdum</strong></span> <span class='ocrx_word' id='word_1_18' title='bbox 490 640 690 738; x_wconf 81' lang='lat' dir='ltr'><strong>provenire</strong></span> <span class='ocrx_word' id='word_1_19' title='bbox 714 637 1014 731; x_wconf 82' lang='lat' dir='ltr'><strong>observavimus,</strong></span> <span class='ocrx_word' id='word_1_20' title='bbox 1031 644 1140 740; x_wconf 90' lang='lat' dir='ltr'><strong>quod</strong></span> 
     </span>
     <span class='ocr_line' id='line_1_4' title="bbox 133 756 1140 858; baseline 0.006 -28"><span class='ocrx_word' id='word_1_21' title='bbox 133 775 172 830; x_wconf 89' lang='lat' dir='ltr'><strong>et</strong></span> <span class='ocrx_word' id='word_1_22' title='bbox 188 759 239 830; x_wconf 90' lang='lat' dir='ltr'><strong>ab</strong></span> <span class='ocrx_word' id='word_1_23' title='bbox 256 761 303 832; x_wconf 83' lang='lat' dir='ltr'><strong>iis</strong></span> <span class='ocrx_word' id='word_1_24' title='bbox 320 783 414 855; x_wconf 82' lang='lat' dir='ltr'><strong>quas</strong></span> <span class='ocrx_word' id='word_1_25' title='bbox 428 759 503 830; x_wconf 88' lang='lat' dir='ltr'><strong>oris</strong></span> <span class='ocrx_word' id='word_1_26' title='bbox 517 772 654 834; x_wconf 80' lang='lat' dir='ltr'><strong>vocant</strong></span> <span class='ocrx_word' id='word_1_27' title='bbox 667 756 984 846; x_wconf 74' lang='lat' dir='ltr'>haemorrhoides,</span> <span class='ocrx_word' id='word_1_28' title='bbox 1003 785 1140 858; x_wconf 82' lang='lat' dir='ltr'><strong>prove·</strong></span> 
     </span>
     <span class='ocr_line' id='line_1_5' title="bbox 130 873 1142 974; baseline 0.004 -26"><span class='ocrx_word' id='word_1_29' title='bbox 130 878 266 966; x_wconf 86' lang='lat' dir='ltr'><strong>niens,</strong></span> <span class='ocrx_word' id='word_1_30' title='bbox 288 877 484 974; x_wconf 84' lang='lat' dir='ltr'>imponere</span> <span class='ocrx_word' id='word_1_31' title='bbox 503 899 574 972; x_wconf 88' lang='lat' dir='ltr'><strong>pro</strong></span> <span class='ocrx_word' id='word_1_32' title='bbox 600 874 815 972; x_wconf 85' lang='lat' dir='ltr'><strong>pulmonari</strong></span> <span class='ocrx_word' id='word_1_33' title='bbox 836 873 991 948; x_wconf 89' lang='lat' dir='ltr'><strong>medicis</strong></span> <span class='ocrx_word' id='word_1_34' title='bbox 1014 893 1142 974; x_wconf 87' lang='lat' dir='ltr'><strong>posset</strong></span> 
     </span>
     <span class='ocr_line' id='line_1_6' title="bbox 132 991 1143 1095; baseline 0.002 -29"><span class='ocrx_word' id='word_1_35' title='bbox 132 997 201 1094; x_wconf 92' lang='lat' dir='ltr'><strong>qui</strong></span> <span class='ocrx_word' id='word_1_36' title='bbox 213 996 320 1092; x_wconf 81' lang='lat' dir='ltr'><strong>signa</strong></span> <span class='ocrx_word' id='word_1_37' title='bbox 330 1020 408 1067; x_wconf 89' lang='lat' dir='ltr'><strong>non</strong></span> <span class='ocrx_word' id='word_1_38' title='bbox 418 991 656 1067; x_wconf 87' lang='lat' dir='ltr'><strong>attenderent</strong></span> <span class='ocrx_word' id='word_1_39' title='bbox 667 991 715 1064; x_wconf 88' lang='lat' dir='ltr'><strong>ah</strong></span> <span class='ocrx_word' id='word_1_40' title='bbox 731 995 959 1090; x_wconf 78' lang='lat' dir='ltr'>Hippocrate</span> <span class='ocrx_word' id='word_1_41' title='bbox 974 993 1028 1095; x_wconf 81' lang='lat' dir='ltr'><strong>(a)</strong></span> <span class='ocrx_word' id='word_1_42' title='bbox 1037 996 1143 1086; x_wconf 87' lang='lat' dir='ltr'><strong>olim,</strong></span> 
     </span>
     <span class='ocr_line' id='line_1_7' title="bbox 130 1109 1143 1210; baseline 0.002 -26"><span class='ocrx_word' id='word_1_43' title='bbox 130 1113 180 1184; x_wconf 84' lang='lat' dir='ltr'><strong>ab</strong></span> <span class='ocrx_word' id='word_1_44' title='bbox 192 1113 393 1184; x_wconf 79' lang='lat' dir='ltr'><strong>Aristotele</strong></span> <span class='ocrx_word' id='word_1_45' title='bbox 406 1110 482 1208; x_wconf 82' lang='lat'><strong>(3),</strong></span> <span class='ocrx_word' id='word_1_46' title='bbox 498 1126 535 1182; x_wconf 89' lang='lat' dir='ltr'><strong>et</strong></span> <span class='ocrx_word' id='word_1_47' title='bbox 548 1135 569 1183; x_wconf 85' lang='lat' dir='ltr'><strong>a</strong></span> <span class='ocrx_word' id='word_1_48' title='bbox 583 1109 694 1183; x_wconf 81' lang='lat' dir='ltr'><strong>Caelio</strong></span> <span class='ocrx_word' id='word_1_49' title='bbox 712 1109 913 1186; x_wconf 84' lang='lat' dir='ltr'><strong>Aureliano</strong></span> <span class='ocrx_word' id='word_1_50' title='bbox 930 1109 992 1208; x_wconf 74' lang='lat' dir='ltr'><strong>(d)</strong></span> <span class='ocrx_word' id='word_1_51' title='bbox 1004 1136 1143 1210; x_wconf 84' lang='lat' dir='ltr'><strong>propo·-</strong></span> 
     </span>
     <span class='ocr_line' id='line_1_8' title="bbox 131 1225 1143 1324; baseline 0.002 -22"><span class='ocrx_word' id='word_1_52' title='bbox 131 1233 222 1315; x_wconf 84' lang='lat' dir='ltr'><strong>sita,</strong></span> <span class='ocrx_word' id='word_1_53' title='bbox 241 1229 288 1300; x_wconf 85' lang='lat' dir='ltr'><strong>ab</strong></span> <span class='ocrx_word' id='word_1_54' title='bbox 316 1227 522 1300; x_wconf 89' lang='lat' dir='ltr'><strong>Helwichio</strong></span> <span class='ocrx_word' id='word_1_55' title='bbox 541 1243 665 1302; x_wconf 87' lang='lat' dir='ltr'><strong>autem</strong></span> <span class='ocrx_word' id='word_1_56' title='bbox 686 1225 762 1324; x_wconf 81' lang='lat'><strong>(5)</strong></span> <span class='ocrx_word' id='word_1_57' title='bbox 783 1226 949 1318; x_wconf 84' lang='lat' dir='ltr'><strong>erudite,</strong></span> <span class='ocrx_word' id='word_1_58' title='bbox 972 1253 1043 1303; x_wconf 88' lang='lat' dir='ltr'><strong>nec</strong></span> <span class='ocrx_word' id='word_1_59' title='bbox 1059 1232 1143 1304; x_wconf 87' lang='lat' dir='ltr'><strong>sine</strong></span> 
     </span>
     <span class='ocr_line' id='line_1_9' title="bbox 133 1343 1143 1444; baseline 0.004 -25"><span class='ocrx_word' id='word_1_60' title='bbox 133 1345 487 1436; x_wconf 84' lang='lat' dir='ltr'><strong>observationibus,</strong></span> <span class='ocrx_word' id='word_1_61' title='bbox 503 1345 700 1434; x_wconf 78' lang='lat' dir='ltr'><strong>illustrata,</strong></span> <span class='ocrx_word' id='word_1_62' title='bbox 719 1343 766 1417; x_wconf 85' lang='lat' dir='ltr'><strong>ad</strong></span> <span class='ocrx_word' id='word_1_63' title='bbox 779 1347 1022 1444; x_wconf 82' lang='lat' dir='ltr'><strong>quaspoterls</strong></span> <span class='ocrx_word' id='word_1_64' title='bbox 1032 1346 1143 1422; x_wconf 87' lang='lat' dir='ltr'><strong>aliam</strong></span> 
     </span>
     <span class='ocr_line' id='line_1_10' title="bbox 133 1461 1145 1562; baseline -0.002 -24"><span class='ocrx_word' id='word_1_65' title='bbox 133 1466 277 1538; x_wconf 83' lang='lat' dir='ltr'><strong>addere</strong></span> <span class='ocrx_word' id='word_1_66' title='bbox 297 1463 387 1539; x_wconf 84' lang='lat' dir='ltr'><strong>olari</strong></span> <span class='ocrx_word' id='word_1_67' title='bbox 401 1463 663 1562; x_wconf 83' lang='lat' dir='ltr'><strong>Dethardingii</strong></span> <span class='ocrx_word' id='word_1_68' title='bbox 681 1461 753 1560; x_wconf 85' lang='lat'><strong>(6).</strong></span> <span class='ocrx_word' id='word_1_69' title='bbox 772 1467 905 1561; x_wconf 84' lang='lat' dir='ltr'><strong>Itaque</strong></span> <span class='ocrx_word' id='word_1_70' title='bbox 927 1465 957 1538; x_wconf 88' lang='lat' dir='ltr'><strong>si</strong></span> <span class='ocrx_word' id='word_1_71' title='bbox 975 1490 1020 1540; x_wconf 79' lang='lat' dir='ltr'><strong>ex</strong></span> <span class='ocrx_word' id='word_1_72' title='bbox 1039 1466 1145 1538; x_wconf 86' lang='lat' dir='ltr'><strong>altio·</strong></span> 
     </span>
     <span class='ocr_line' id='line_1_11' title="bbox 133 1581 1144 1683; baseline 0.004 -29"><span class='ocrx_word' id='word_1_73' title='bbox 133 1584 243 1658; x_wconf 86' lang='lat' dir='ltr'><strong>ribus</strong></span> <span class='ocrx_word' id='word_1_74' title='bbox 253 1609 336 1683; x_wconf 83' lang='lat' dir='ltr'><strong>quae</strong></span> <span class='ocrx_word' id='word_1_75' title='bbox 351 1583 444 1671; x_wconf 81' lang='lat' dir='ltr'><strong>dixi,</strong></span> <span class='ocrx_word' id='word_1_76' title='bbox 464 1583 557 1656; x_wconf 86' lang='lat' dir='ltr'><strong>locis</strong></span> <span class='ocrx_word' id='word_1_77' title='bbox 573 1581 811 1657; x_wconf 82' lang='lat' dir='ltr'><strong>delabentem</strong></span> <span class='ocrx_word' id='word_1_78' title='bbox 820 1583 1021 1660; x_wconf 85' lang='lat' dir='ltr'><strong>humorem</strong></span> <span class='ocrx_word' id='word_1_79' title='bbox 1032 1638 1042 1672; x_wconf 93' lang='lat'><strong>,</strong></span> <span class='ocrx_word' id='word_1_80' title='bbox 1055 1608 1144 1681; x_wconf 83' lang='lat' dir='ltr'><strong>praa·</strong></span> 
     </span>
     <span class='ocr_line' id='line_1_12' title="bbox 135 1697 1145 1796; baseline -0.001 -20"><span class='ocrx_word' id='word_1_81' title='bbox 135 1703 260 1777; x_wconf 88' lang='lat' dir='ltr'><strong>ditum</strong></span> <span class='ocrx_word' id='word_1_82' title='bbox 280 1699 464 1774; x_wconf 87' lang='lat' dir='ltr'><strong>erodendi</strong></span> <span class='ocrx_word' id='word_1_83' title='bbox 486 1701 541 1787; x_wconf 88' lang='lat' dir='ltr'><strong>vi,</strong></span> <span class='ocrx_word' id='word_1_84' title='bbox 567 1697 779 1793; x_wconf 85' lang='lat' dir='ltr'><strong>subjectum</strong></span> <span class='ocrx_word' id='word_1_85' title='bbox 799 1698 965 1796; x_wconf 79' lang='lat' dir='ltr'><strong>palatum</strong></span> <span class='ocrx_word' id='word_1_86' title='bbox 984 1700 1145 1792; x_wconf 87' lang='lat' dir='ltr'><strong>mobile,</strong></span> 
     </span>
     <span class='ocr_line' id='line_1_13' title="bbox 135 1801 1142 1915; baseline 0.001 -23"><span class='ocrx_word' id='word_1_87' title='bbox 135 1836 173 1892; x_wconf 89' lang='lat' dir='ltr'><strong>et</strong></span> <span class='ocrx_word' id='word_1_88' title='bbox 195 1821 340 1915; x_wconf 84' lang='lat' dir='ltr'><strong>adjecta</strong></span> <span class='ocrx_word' id='word_1_89' title='bbox 361 1818 450 1890; x_wconf 87' lang='lat' dir='ltr'><strong>huic</strong></span> <span class='ocrx_word' id='word_1_90' title='bbox 472 1817 585 1894; x_wconf 85' lang='lat' dir='ltr'><strong>nvula</strong></span> <span class='ocrx_word' id='word_1_91' title='bbox 607 1815 655 1886; x_wconf 89' lang='lat' dir='ltr'><strong>ab</strong></span> <span class='ocrx_word' id='word_1_92' title='bbox 675 1815 829 1912; x_wconf 78' lang='lat' dir='ltr'><strong>laryuge</strong></span> <span class='ocrx_word' id='word_1_93' title='bbox 857 1801 940 1890; x_wconf 29' lang='lat' dir='ltr'><strong>non*</strong></span> <span class='ocrx_word' id='word_1_94' title='bbox 956 1831 1142 1908; x_wconf 68' lang='lat' dir='ltr'><strong>avertant,</strong></span> 
     </span>
     <span class='ocr_line' id='line_1_14' title="bbox 137 1929 1146 2034; baseline 0.001 -26"><span class='ocrx_word' id='word_1_95' title='bbox 137 1938 238 2008; x_wconf 87' lang='lat' dir='ltr'><strong>nihil</strong></span> <span class='ocrx_word' id='word_1_96' title='bbox 262 1933 440 2034; x_wconf 87' lang='lat' dir='ltr'><strong>prohihet</strong></span> <span class='ocrx_word' id='word_1_97' title='bbox 462 1933 556 2029; x_wconf 89' lang='lat' dir='ltr'><strong>quin</strong></span> <span class='ocrx_word' id='word_1_98' title='bbox 576 1931 676 2002; x_wconf 86' lang='lat' dir='ltr'><strong>hanc</strong></span> <span class='ocrx_word' id='word_1_99' title='bbox 706 1929 857 2020; x_wconf 82' lang='lat' dir='ltr'><strong>subeat,</strong></span> <span class='ocrx_word' id='word_1_100' title='bbox 878 1933 1089 2030; x_wconf 79' lang='lat' dir='ltr'><strong>ipsamque,</strong></span> <span class='ocrx_word' id='word_1_101' title='bbox 1108 1951 1146 2009; x_wconf 85' lang='lat' dir='ltr'><strong>et</strong></span> 
     </span>
     <span class='ocr_line' id='line_1_15' title="bbox 136 2047 1145 2152; baseline 0 -28"><span class='ocrx_word' id='word_1_102' title='bbox 136 2054 343 2152; x_wconf 88' lang='lat' dir='ltr'><strong>pulmones</strong></span> <span class='ocrx_word' id='word_1_103' title='bbox 353 2049 505 2120; x_wconf 85' lang='lat' dir='ltr'><strong>tandem</strong></span> <span class='ocrx_word' id='word_1_104' title='bbox 521 2047 672 2136; x_wconf 80' lang='lat' dir='ltr'><strong>erodat,</strong></span> <span class='ocrx_word' id='word_1_105' title='bbox 689 2062 753 2122; x_wconf 82' lang='lat' dir='ltr'><strong>aut</strong></span> <span class='ocrx_word' id='word_1_106' title='bbox 764 2049 877 2121; x_wconf 87' lang='lat' dir='ltr'><strong>vitiet.</strong></span> <span class='ocrx_word' id='word_1_107' title='bbox 888 2049 1145 2140; x_wconf 71' lang='lat' dir='ltr'><strong>Quamobrem</strong></span> 
     </span>
     <span class='ocr_line' id='line_1_16' title="bbox 139 2166 1145 2269; baseline 0.001 -28"><span class='ocrx_word' id='word_1_108' title='bbox 139 2170 281 2269; x_wconf 88' lang='lat' dir='ltr'><strong>quibus</strong></span> <span class='ocrx_word' id='word_1_109' title='bbox 299 2194 342 2240; x_wconf 86' lang='lat' dir='ltr'><strong>ea</strong></span> <span class='ocrx_word' id='word_1_110' title='bbox 359 2167 471 2266; x_wconf 89' lang='lat' dir='ltr'><strong>palati</strong></span> <span class='ocrx_word' id='word_1_111' title='bbox 488 2191 575 2265; x_wconf 81' lang='lat' dir='ltr'><strong>pars</strong></span> <span class='ocrx_word' id='word_1_112' title='bbox 593 2190 679 2241; x_wconf 92' lang='lat' dir='ltr'><strong>cum</strong></span> <span class='ocrx_word' id='word_1_113' title='bbox 697 2166 809 2240; x_wconf 85' lang='lat' dir='ltr'><strong>uvula</strong></span> <span class='ocrx_word' id='word_1_114' title='bbox 828 2166 875 2242; x_wconf 80' lang='lat' dir='ltr'><strong>ab</strong></span> <span class='ocrx_word' id='word_1_115' title='bbox 893 2167 955 2244; x_wconf 86' lang='lat' dir='ltr'><strong>lue</strong></span> <span class='ocrx_word' id='word_1_116' title='bbox 969 2193 1145 2260; x_wconf 82' lang='lat' dir='ltr'><strong>venerea,</strong></span> 
     </span>
     <span class='ocr_line' id='line_1_17' title="bbox 140 2283 1145 2385; baseline -0.001 -27"><span class='ocrx_word' id='word_1_117' title='bbox 140 2287 190 2360; x_wconf 86' lang='lat' dir='ltr'><strong>ab</strong></span> <span class='ocrx_word' id='word_1_118' title='bbox 201 2287 315 2358; x_wconf 83' lang='lat' dir='ltr'><strong>aliave</strong></span> <span class='ocrx_word' id='word_1_119' title='bbox 328 2309 440 2360; x_wconf 83' lang='lat' dir='ltr'><strong>causa</strong></span> <span class='ocrx_word' id='word_1_120' title='bbox 456 2283 653 2382; x_wconf 82' lang='lat' dir='ltr'><strong>absumpta</strong></span> <span class='ocrx_word' id='word_1_121' title='bbox 666 2299 737 2372; x_wconf 89' lang='lat' dir='ltr'><strong>est,</strong></span> <span class='ocrx_word' id='word_1_122' title='bbox 756 2308 819 2356; x_wconf 92' lang='lat' dir='ltr'><strong>eos</strong></span> <span class='ocrx_word' id='word_1_123' title='bbox 830 2287 940 2372; x_wconf 86' lang='lat' dir='ltr'><strong>tussi,</strong></span> <span class='ocrx_word' id='word_1_124' title='bbox 956 2301 992 2362; x_wconf 86' lang='lat' dir='ltr'><strong>et</strong></span> <span class='ocrx_word' id='word_1_125' title='bbox 1002 2286 1145 2385; x_wconf 87' lang='lat' dir='ltr'><strong>phthisi</strong></span> 
     </span>
     <span class='ocr_line' id='line_1_18' title="bbox 141 2398 1145 2502; baseline 0.004 -28"><span class='ocrx_word' id='word_1_126' title='bbox 141 2403 294 2476; x_wconf 84' lang='lat' dir='ltr'><strong>tandem</strong></span> <span class='ocrx_word' id='word_1_127' title='bbox 314 2401 499 2477; x_wconf 86' lang='lat' dir='ltr'><strong>obnoxios</strong></span> <span class='ocrx_word' id='word_1_128' title='bbox 510 2398 613 2491; x_wconf 84' lang='lat' dir='ltr'><strong>fieri,</strong></span> <span class='ocrx_word' id='word_1_129' title='bbox 632 2427 712 2474; x_wconf 91' lang='lat' dir='ltr'><strong>non</strong></span> <span class='ocrx_word' id='word_1_130' title='bbox 733 2402 845 2476; x_wconf 90' lang='lat' dir='ltr'><strong>unius</strong></span> <span class='ocrx_word' id='word_1_131' title='bbox 863 2403 1017 2494; x_wconf 86' lang='lat' dir='ltr'><strong>medici,</strong></span> <span class='ocrx_word' id='word_1_132' title='bbox 1032 2403 1145 2502; x_wconf 79' lang='lat' dir='ltr'><strong>atqhe</strong></span> 
     </span>
     <span class='ocr_line' id='line_1_19' title="bbox 140 2510 1144 2610; baseline 0.002 -16"><span class='ocrx_word' id='word_1_133' title='bbox 140 2510 344 2598; x_wconf 81' lang='lat' dir='ltr'><strong>anatomici</strong></span> <span class='ocrx_word' id='word_1_134' title='bbox 364 2519 644 2595; x_wconf 75' lang='lat' dir='ltr'><strong>observationes</strong></span> <span class='ocrx_word' id='word_1_135' title='bbox 661 2519 887 2610; x_wconf 80' lang='lat' dir='ltr'><strong>ostendunt,</strong></span> <span class='ocrx_word' id='word_1_136' title='bbox 900 2535 941 2596; x_wconf 90' lang='lat' dir='ltr'><strong>ut</strong></span> <span class='ocrx_word' id='word_1_137' title='bbox 960 2545 1005 2595; x_wconf 84' lang='lat' dir='ltr'><strong>ex</strong></span> <span class='ocrx_word' id='word_1_138' title='bbox 1025 2522 1069 2594; x_wconf 90' lang='lat' dir='ltr'><strong>cl.</strong></span> <span class='ocrx_word' id='word_1_139' title='bbox 1087 2527 1144 2596; x_wconf 79' lang='lat' dir='ltr'><strong>lo,</strong></span> 
     </span>
     <span class='ocr_line' id='line_1_20' title="bbox 141 2637 1144 2738; baseline 0 -26"><span class='ocrx_word' id='word_1_140' title='bbox 141 2640 325 2715; x_wconf 80' lang='lat' dir='ltr'><strong>Zachariae</strong></span> <span class='ocrx_word' id='word_1_141' title='bbox 338 2639 492 2716; x_wconf 84' lang='lat' dir='ltr'><strong>Petsche</strong></span> <span class='ocrx_word' id='word_1_142' title='bbox 506 2637 580 2736; x_wconf 82' lang='lat'><strong>(7),</strong></span> <span class='ocrx_word' id='word_1_143' title='bbox 594 2640 807 2736; x_wconf 82' lang='lat' dir='ltr'><strong>nostrisque</strong></span> <span class='ocrx_word' id='word_1_144' title='bbox 818 2640 928 2713; x_wconf 90' lang='lat' dir='ltr'><strong>etiam</strong></span> <span class='ocrx_word' id='word_1_145' title='bbox 940 2640 1144 2738; x_wconf 84' lang='lat' dir='ltr'><strong>scriptis(8)</strong></span> 
     </span>
     <span class='ocr_line' id='line_1_21' title="bbox 142 2754 1146 2858; baseline -0.002 -28"><span class='ocrx_word' id='word_1_146' title='bbox 142 2782 358 2856; x_wconf 88' lang='lat' dir='ltr'><strong>cognosces.</strong></span> <span class='ocrx_word' id='word_1_147' title='bbox 379 2759 510 2854; x_wconf 88' lang='lat' dir='ltr'><strong>Neque</strong></span> <span class='ocrx_word' id='word_1_148' title='bbox 530 2757 631 2830; x_wconf 87' lang='lat' dir='ltr'><strong>enim</strong></span> <span class='ocrx_word' id='word_1_149' title='bbox 650 2754 753 2854; x_wconf 89' lang='lat' dir='ltr'><strong>quod</strong></span> <span class='ocrx_word' id='word_1_150' title='bbox 775 2755 881 2832; x_wconf 85' lang='lat' dir='ltr'><strong>aliter</strong></span> <span class='ocrx_word' id='word_1_151' title='bbox 900 2759 939 2830; x_wconf 85' lang='lat' dir='ltr'><strong>iu</strong></span> <span class='ocrx_word' id='word_1_152' title='bbox 958 2772 1062 2858; x_wconf 84' lang='lat' dir='ltr'><strong>parte</strong></span> <span class='ocrx_word' id='word_1_153' title='bbox 1078 2783 1146 2829; x_wconf 59' lang='lat' dir='ltr'><strong>no*</strong></span> 
     </span>
     <span class='ocr_line' id='line_1_22' title="bbox 36 2873 1146 2973; baseline 0.002 -27"><span class='ocrx_word' id='word_1_154' title='bbox 36 2909 38 2914; x_wconf 89' lang='lat'><em>·</em></span> <span class='ocrx_word' id='word_1_155' title='bbox 141 2876 202 2950; x_wconf 92' lang='lat' dir='ltr'><strong>his</strong></span> <span class='ocrx_word' id='word_1_156' title='bbox 218 2875 347 2948; x_wconf 87' lang='lat' dir='ltr'><strong>videre</strong></span> <span class='ocrx_word' id='word_1_157' title='bbox 360 2874 578 2971; x_wconf 71' lang='lat' dir='ltr'><strong>contigemt,</strong></span> <span class='ocrx_word' id='word_1_158' title='bbox 594 2890 658 2948; x_wconf 86' lang='lat' dir='ltr'><strong>aut</strong></span> <span class='ocrx_word' id='word_1_159' title='bbox 672 2873 710 2949; x_wconf 92' lang='lat' dir='ltr'><strong>id</strong></span> <span class='ocrx_word' id='word_1_160' title='bbox 725 2874 829 2972; x_wconf 91' lang='lat' dir='ltr'><strong>quod</strong></span> <span class='ocrx_word' id='word_1_161' title='bbox 840 2874 1003 2948; x_wconf 86' lang='lat' dir='ltr'><strong>vidimus</strong></span> <span class='ocrx_word' id='word_1_162' title='bbox 1014 2929 1023 2964; x_wconf 93' lang='lat'><strong>,</strong></span> <span class='ocrx_word' id='word_1_163' title='bbox 1036 2900 1146 2973; x_wconf 89' lang='lat' dir='ltr'><strong>posse</strong></span> 
     </span>
    </p>
   </div>
   <div class='ocr_carea' id='block_1_3' title="bbox 248 3244 840 3717">
    <p class='ocr_par' dir='ltr' id='par_1_3' title="bbox 248 3244 595 3320">
     <span class='ocr_line' id='line_1_23' title="bbox 248 3244 595 3320; baseline -0.014 -18"><span class='ocrx_word' id='word_1_164' title='bbox 248 3244 341 3320; x_wconf 83' lang='lat' dir='ltr'><strong>Epist.</strong></span> <span class='ocrx_word' id='word_1_165' title='bbox 355 3255 434 3302; x_wconf 86' lang='lat' dir='ltr'><strong>auat.</strong></span> <span class='ocrx_word' id='word_1_166' title='bbox 451 3261 485 3318; x_wconf 89' lang='lat'><strong>9,</strong></span> <span class='ocrx_word' id='word_1_167' title='bbox 500 3261 530 3300; x_wconf 89' lang='lat' dir='ltr'><strong>n.</strong></span> <span class='ocrx_word' id='word_1_168' title='bbox 550 3251 595 3311; x_wconf 78' lang='lat' dir='ltr'><strong>ll·</strong></span> 
     </span>
    </p>

    <p class='ocr_par' dir='ltr' id='par_1_4' title="bbox 249 3344 576 3414">
     <span class='ocr_line' id='line_1_24' title="bbox 249 3344 576 3414; baseline -0.006 -14"><span class='ocrx_word' id='word_1_169' title='bbox 249 3344 385 3402; x_wconf 77' lang='lat' dir='ltr'><strong>Praediet.</strong></span> <span class='ocrx_word' id='word_1_170' title='bbox 400 3345 419 3402; x_wconf 94' lang='lat' dir='ltr'><strong>l.</strong></span> <span class='ocrx_word' id='word_1_171' title='bbox 435 3362 467 3414; x_wconf 84' lang='lat'><strong>2,</strong></span> <span class='ocrx_word' id='word_1_172' title='bbox 484 3362 515 3400; x_wconf 87' lang='lat' dir='ltr'><strong>n.</strong></span> <span class='ocrx_word' id='word_1_173' title='bbox 530 3361 576 3414; x_wconf 81' lang='lat'><strong>²7·</strong></span> 
     </span>
    </p>

    <p class='ocr_par' dir='ltr' id='par_1_5' title="bbox 249 3441 840 3717">
     <span class='ocr_line' id='line_1_25' title="bbox 249 3441 736 3520; baseline -0.002 -21"><span class='ocrx_word' id='word_1_174' title='bbox 249 3447 293 3501; x_wconf 92' lang='lat' dir='ltr'><strong>De</strong></span> <span class='ocrx_word' id='word_1_175' title='bbox 307 3445 417 3520; x_wconf 83' lang='lat' dir='ltr'><strong>partib.</strong></span> <span class='ocrx_word' id='word_1_176' title='bbox 436 3445 554 3502; x_wconf 85' lang='lat' dir='ltr'><strong>animal.</strong></span> <span class='ocrx_word' id='word_1_177' title='bbox 570 3446 589 3500; x_wconf 93' lang='lat' dir='ltr'><strong>l.</strong></span> <span class='ocrx_word' id='word_1_178' title='bbox 608 3444 642 3513; x_wconf 82' lang='lat'><strong>3,</strong></span> <span class='ocrx_word' id='word_1_179' title='bbox 663 3463 690 3502; x_wconf 85' lang='lat' dir='ltr'><strong>c.</strong></span> <span class='ocrx_word' id='word_1_180' title='bbox 709 3441 736 3500; x_wconf 83' lang='lat'><strong>5.</strong></span> 
     </span>
     <span class='ocr_line' id='line_1_26' title="bbox 251 3535 811 3614; baseline -0.002 -15"><span class='ocrx_word' id='word_1_181' title='bbox 251 3545 352 3600; x_wconf 77' lang='lat' dir='ltr'><strong>Moab.</strong></span> <span class='ocrx_word' id='word_1_182' title='bbox 371 3545 475 3600; x_wconf 88' lang='lat' dir='ltr'><strong>chron.</strong></span> <span class='ocrx_word' id='word_1_183' title='bbox 489 3545 510 3598; x_wconf 93' lang='lat' dir='ltr'><strong>l.</strong></span> <span class='ocrx_word' id='word_1_184' title='bbox 526 3561 560 3614; x_wconf 80' lang='lat' dir='ltr'><strong>a,</strong></span> <span class='ocrx_word' id='word_1_185' title='bbox 574 3562 600 3599; x_wconf 89' lang='lat' dir='ltr'><strong>c.</strong></span> <span class='ocrx_word' id='word_1_186' title='bbox 615 3561 660 3598; x_wconf 89' lang='lat'><strong>11.</strong></span> <span class='ocrx_word' id='word_1_187' title='bbox 809 3535 811 3541; x_wconf 65' lang='grc'><em>’</em></span> 
     </span>
     <span class='ocr_line' id='line_1_27' title="bbox 252 3640 840 3717; baseline -0.002 -18"><span class='ocrx_word' id='word_1_188' title='bbox 252 3640 328 3717; x_wconf 85' lang='lat' dir='ltr'><strong>Eph.</strong></span> <span class='ocrx_word' id='word_1_189' title='bbox 345 3645 383 3698; x_wconf 85' lang='lat' dir='ltr'><strong>N·</strong></span> <span class='ocrx_word' id='word_1_190' title='bbox 399 3645 432 3699; x_wconf 93' lang='lat' dir='ltr'><strong>C.</strong></span> <span class='ocrx_word' id='word_1_191' title='bbox 446 3645 516 3698; x_wconf 86' lang='lat' dir='ltr'><strong>Dec.</strong></span> <span class='ocrx_word' id='word_1_192' title='bbox 536 3643 570 3712; x_wconf 79' lang='lat'><strong>3,</strong></span> <span class='ocrx_word' id='word_1_193' title='bbox 588 3644 625 3697; x_wconf 81' lang='grc' dir='ltr'><strong>Α.</strong></span> <span class='ocrx_word' id='word_1_194' title='bbox 640 3661 673 3716; x_wconf 85' lang='lat'><strong>9,</strong></span> <span class='ocrx_word' id='word_1_195' title='bbox 690 3641 754 3698; x_wconf 88' lang='lat' dir='ltr'><strong>ohs.</strong></span> <span class='ocrx_word' id='word_1_196' title='bbox 774 3640 840 3698; x_wconf 80' lang='lat'><em>118.</em></span> 
     </span>
    </p>
   </div>
   <div class='ocr_carea' id='block_1_4' title="bbox 253 3741 680 3813">
    <p class='ocr_par' dir='ltr' id='par_1_6' title="bbox 253 3741 680 3813">
     <span class='ocr_line' id='line_1_28' title="bbox 253 3741 680 3813; baseline -0.005 -15"><span class='ocrx_word' id='word_1_197' title='bbox 253 3743 394 3799; x_wconf 86' lang='lat' dir='ltr'><strong>Earumd.</strong></span> <span class='ocrx_word' id='word_1_198' title='bbox 408 3753 485 3798; x_wconf 89' lang='lat' dir='ltr'><strong>cent.</strong></span> <span class='ocrx_word' id='word_1_199' title='bbox 502 3760 535 3813; x_wconf 88' lang='lat'><strong>7,</strong></span> <span class='ocrx_word' id='word_1_200' title='bbox 551 3741 617 3798; x_wconf 89' lang='lat' dir='ltr'><strong>ohs.</strong></span> <span class='ocrx_word' id='word_1_201' title='bbox 633 3742 680 3812; x_wconf 81' lang='lat'><strong>73.</strong></span> 
     </span>
    </p>
   </div>
   <div class='ocr_carea' id='block_1_5' title="bbox 0 0 1417 4674">
    <p class='ocr_par' dir='ltr' id='par_1_7' title="bbox 0 0 1417 4674">
     <span class='ocr_line' id='line_1_29' title="bbox 0 0 1417 4674; baseline 0 0"><span class='ocrx_word' id='word_1_202' title='bbox 0 0 1417 4674; x_wconf 95' lang='lat' dir='ltr'><strong> </strong></span> 
     </span>
    </p>
   </div>
  </div>
 </body>
</html>
