2824 4668
306 395 377 480 360
474 421 521 474 us
547 425 693 476 sumans
717 427 761 474 er
777 425 913 474 cauus
935 427 1144 486 nonnosum

305 539 402 614 rales
417 542 577 629 arteriae,
595 556 632 614 et
648 564 742 640 quas
759 541 891 638 saepius
905 541 1170 640 tangebamus,
1188 540 1285 613 radia·

306 657 362 732 les
374 656 507 734 iisdem
524 658 669 756 magnis
681 656 912 754 vibratisque
926 656 1099 755 pulsibus
1117 657 1285 756 agitaban-

306 791 380 850 tun
408 775 526 850 Pedes
546 790 654 848 erant
679 774 898 848 subtumidit
918 776 990 846 Vix
1007 775 1214 874 quidquam
1230 775 1287 846 cibi
1364 857 1365 864 ἵ

308 893 536 967 sumebatur.
564 899 610 966 Et
637 917 855 992 quanquam
882 890 997 966 febris
1026 907 1106 966 erat
1128 876 1243 980 nulla,
1261 907 1288 965 et

202 1014 226 1040 ”
307 1027 455 1114 poterat
471 1036 584 1109 ager,
603 1025 691 1082 cum
701 1011 826 1083 miuus
845 1007 1006 1084 difficilis
1025 1008 1140 1084 fiebat
1154 1011 1288 1108 respira·

307 1132 384 1214 tic,
403 1131 442 1210 in
461 1143 590 1200 utrum
606 1123 741 1200 liberet
753 1127 850 1200 latus
859 1127 1019 1215 cubare3
1038 1129 1160 1227 capite
1185 1143 1287 1200 autem

200 1307 204 1316 .
310 1247 459 1347 egregie
476 1244 642 1334 valebat3
667 1246 981 1343 tamengraviter
1008 1245 1103 1318 adeo
1133 1243 1287 1316 morbum

308 1362 454 1438 ferebat
465 1388 594 1450 suum,
612 1371 828 1436 ut'mortem
840 1362 912 1434 sibi
924 1362 1288 1462 praeop‘tandamexis-

308 1481 469 1554 timaret.
493 1482 608 1577 Cujus
623 1482 702 1554 voti
723 1505 879 1579 compos
900 1479 1024 1558 factus,
1038 1496 1094 1552 est
1115 1495 1243 1578 quarto
1255 1503 1287 1549 ex

310 1623 388 1697 quo
406 1599 446 1670 iu
463 1599 727 1672 nosocomium
737 1613 911 1688 venerat,
926 1598 996 1670 die.
1015 1602 1113 1669 Cum
1125 1600 1223 1670 enim
1234 1593 1288 1666 lor·

308 1730 345 1787 te
373 1714 420 1788 ad
444 1715 569 1791 alvum
601 1715 882 1790 exonerandam
915 1715 1159 1803 surrexisset,
1186 1713 1286 1784 virio

308 1832 492 1913 lectulum
508 1857 720 1932 regressus,
738 1829 910 1932 spiritum
927 1833 1085 1920 ducere,
1101 1833 1176 1916 nisi
1191 1844 1287 1904 erecta

206 1989 213 2002 ¹
311 1952 479 2040 ceruice,
496 1976 574 2025 non
592 1953 736 2049 potuit,
759 1953 799 2025 in
827 1975 945 2048 eaque
963 1949 1133 2048 spirandi
1152 1946 1288 2021 difficul-

309 2082 385 2143 tate
399 2083 573 2146 mortuus
586 2084 652 2142 est.

366 2185 533 2262 Cadaver
567 2187 754 2268 secuimus
786 2184 956 2258 kalendis
989 2185 1214 2284 quintilibus
1237 2207 1286 2253 an·

309 2305 351 2374 ni
375 2300 489 2400 1705,
504 2301 615 2380 labra
632 2303 739 2377 valde
762 2302 875 2374 livida
893 2304 993 2376 inter
1018 2303 1221 2376 secandum
1240 2297 1288 2370 ad-

310 2415 504 2508 notantes,
532 2434 656 2490 atrum
684 2435 809 2492 autem
830 2435 866 2494 et
885 2419 1045 2493 fluidum
1070 2423 1287 2520 sanguinem,

311 2539 397 2636 qui,
414 2537 581 2610 dissectis
610 2539 708 2610 circa
734 2539 921 2636 jugulum,
936 2539 1220 2637 integumentis,
1242 2533 1287 2604 de·

310 2655 425 2730 fluuit
457 2655 624 2729 Thorace
654 2671 811 2754 aperto,
843 2656 979 2728 ssavum
1011 2681 1138 2729 serum
1163 2655 1200 2728 iu
1218 2673 1286 2725 cavo

313 2774 395 2870 ejus
411 2773 565 2846 dextero
592 2760 892 2847 animadversum
910 2789 975 2848 est.
997 2778 1043 2846 In
1062 2776 1212 2848 sinistro
1228 2783 1287 2842 tota

312 2892 513 2991 pulmonis,
525 2915 691 2962 convexa
710 2890 822 2964 facies
840 2891 886 2962 ad
912 2891 1084 2990 pleuram
1100 2886 1288 2962 adhaerebat

311 3036 381 3109 per
396 3010 630 3106 interjectam
658 3033 819 3083 crassam
842 3026 879 3082 et
897 3010 1051 3084 mollem
1070 3011 1178 3109 quasi
1196 3027 1288 3078 mem·

312 3127 490 3214 branam,
508 3151 589 3223 quae
606 3125 696 3196 hinc
713 3151 734 3198 a
753 3125 973 3199 membrana
992 3127 1203 3225 pulmonis,
1220 3117 1288 3193 inde

312 3260 438 3319 autem
456 3267 476 3312 a
491 3244 621 3340 pleura
638 3258 785 3341 poterat
802 3245 881 3316 sine
898 3244 1123 3318 laceratione
1141 3237 1288 3342 separari,

312 3362 467 3458 reliquae
486 3375 523 3430 et
542 3360 745 3450 indicium,
759 3375 802 3432 ut
817 3363 974 3459 opinor,
998 3345 1205 3460 plaegressee
1217 3357 1287 3429 olim

312 3479 645 3579 peripneumonia.
680 3479 880 3552 Pulmones
911 3479 1002 3551 sani.
1035 3484 1080 3550 In
1104 3473 1289 3578 pericardio

214 3618 216 3622 ’
312 3598 386 3672 seri
402 3593 547 3666 turbidi
560 3593 805 3691 aliquantum.
823 3601 899 3669 Cor
908 3599 1035 3694 potius
1046 3619 1229 3696 magnum,
1238 3585 1287 3661 sed

311 3718 411 3788 intra
428 3711 596 3786 modum.
614 3716 658 3782 In
675 3712 789 3808 hujus
810 3715 930 3786 caveis
948 3717 1139 3812 vasisque,
1152 3707 1285 3786 cuniis·

313 3835 399 3906 dem
420 3829 808 3920 communicantibus,
826 3831 923 3904 nibil
939 3855 1100 3930 usquam
1118 3821 1285 3930 polyposii

314 3951 463 4046 sanguis
480 3963 559 4022 ater
575 3947 773 4036 duntaxat,
793 3964 830 4022 et
844 3949 976 4024 leviter
985 3951 1026 4022 iu
1039 3973 1192 4048 grumos
1205 3957 1285 4018 coac·
