2800 4674
288 451 356 533 ¹42
450 467 496 513 nu
523 465 668 514 surinus
694 465 737 511 rr
763 462 887 514 crusis
912 463 1122 514 uomororr

283 582 457 655 avellana
473 578 770 678 magnitudinem
782 596 995 678 aequarcnt3
1013 596 1155 654 caetera
1167 586 1288 658 multo

284 702 450 774 minores
479 713 596 769 erant.
625 696 803 786 Quaedam
833 697 937 796 globi
968 695 1107 798 ligura,
1135 702 1289 800 reliques

286 818 473 914 oblonga,
494 831 530 886 et
548 815 664 902 evoli,
679 839 812 886 omnes
829 815 949 912 plcnae
966 833 1074 888 erant
1091 821 1212 908 aeris,
1230 845 1290 892 ex·

285 937 403 1009 terius
418 951 541 1006 autem
554 957 590 1006 sa
596 931 777 1031 nguileris
788 934 946 1010 vasculis
960 936 1206 1010 circumcirca
1216 939 1291 1010 ins-

285 1070 433 1142 tructu,
447 1031 619 1151 'quorum
639 1051 933 1124 inosculationes
947 1053 986 1122 in
1004 1077 1081 1124 una
1099 1070 1165 1127 aut
1178 1053 1292 1127 altera

287 1170 530 1272 apparebant.
548 1175 630 1242 Una
646 1169 821 1265 insuper,
838 1169 993 1243 minima
1013 1171 1185 1268 quaedam
1201 1171 1293 1244 fora-

286 1285 430 1364 miiiula
447 1315 516 1390 per
531 1289 750 1361 interiorem
769 1286 897 1360 faciem
913 1285 1055 1363 hiantia
1065 1291 1240 1363 ostendit.

342 1411 396 1483 13.
415 1410 480 1482 Hic
496 1431 592 1505 aeger
611 1431 727 1503 quare
745 1405 783 1476 in
800 1403 1111 1504 allectumlatus,
1128 1410 1168 1478 in
1189 1411 1295 1506 quod
1387 1455 1388 1464 κ

289 1532 501 1627 superiores
517 1526 688 1624 plerique
696 1535 895 1622 poterant,
913 1525 1049 1598 cubare
1059 1551 1138 1598 non
1155 1546 1295 1625 posset,
1387 1559 1388 1626 3

291 1647 392 1718 haud
418 1643 553 1742 liqiiet‘,
572 1644 776 1742 praesertim
798 1669 883 1715 cum
907 1641 1018 1714 dolor
1034 1645 1176 1732 nullus,
1195 1663 1238 1731 ut
1255 1650 1295 1718 in
1387 1671 1388 1678 ¹

290 1765 417 1863 primo
434 1762 489 1858 (1)
507 1762 554 1832 dc
570 1760 720 1832 duobus
737 1762 827 1834 viris
843 1763 1013 1859 proxime
1027 1761 1237 1862 descriptis,
1251 1790 1297 1837 eo

290 1885 332 1954 in
353 1884 467 1981 latere
485 1895 814 1957 commemoretur.
831 1879 902 1951 Sed
923 1905 1048 1978 neque
1067 1905 1115 1952 eo
1133 1884 1172 1952 in
1190 1885 1296 1970 viro,

270 2025 314 2086 *a
335 2026 413 2098 quo
431 2000 586 2098 epistola
603 1998 673 2069 hac
686 1997 739 2095 (α)
756 1997 1296 2096 incepimusl'alsalvaeohser-

293 2119 463 2188 vationes
477 2114 665 2214 prolerre,
683 2139 767 2186 cum
789 2129 922 2213 prater
938 2115 1034 2206 illas,
1061 2139 1144 2214 quse
1157 2119 1196 2187 in
1204 2133 1297 2190 'ven-

294 2248 492 2320 tremant,
521 2257 670 2322 causas,
689 2234 766 2304 aliae
790 2233 829 2302 in
852 2232 1006 2304 thorace
1029 2258 1108 2305 non
1126 2234 1297 2308 deessent

296 2348 486 2422 difficilem
498 2353 784 2450 respirationem
796 2347 991 2440 facientes,
1007 2351 1174 2450 proclive
1185 2371 1242 2428 est
1252 2356 1298 2425 in·

296 2468 485 2566 telligere‚
503 2494 571 2540 cur
587 2493 665 2540 non
681 2483 827 2557 erecto,
848 2468 913 2540 sed
929 2468 1094 2551 demisso
1113 2473 1234 2570 capite
1247 2474 1299 2569 ja-

298 2603 399 2659 ceret
413 2587 659 2660 commodius.
679 2585 800 2675 Multo
823 2579 947 2658 autem
967 2585 1159 2660 difficilior
1182 2590 1301 2664 videri
1386 2649 1387 2690 ἶ

296 2719 420 2804 potest
437 2704 634 2803 explicatio
663 2702 936 2787 observationis
956 2706 1047 2776 clari
1070 2707 1298 2806 Capperi(3)
1386 2745 1387 2764 r

296 2825 336 2894 in
348 2822 513 2920 quodam
531 2821 705 2919 putridos
720 2838 996 2921 corruptusque
1014 2824 1220 2922 pulmones
1234 2826 1299 2908 ha-

296 2941 429 3030 bente,
449 2941 515 3038 qui
540 2939 681 3012 ultimis
707 2943 789 3012 vitae
815 2943 984 3039 quinque
1007 2941 1113 3014 horis
1142 2946 1300 3042 supinus

298 3058 463 3155 denique
482 3057 620 3129 cubare
643 3061 786 3156 potuit3
807 3083 894 3130 cum
918 3075 1027 3133 antea
1046 3059 1141 3132 adeo
1160 3059 1298 3142 inllcto

298 3199 459 3273 corpore
482 3175 637 3245 inlecto
655 3175 784 3248 sedere
806 3191 957 3252 coactus
976 3193 1071 3250 esset
1083 3199 1108 3270 ,¹¹
1121 3192 1162 3249 ut
1189 3192 1299 3278 caput

297 3291 397 3364 inter
416 3315 536 3387 genua
548 3293 661 3388 quasi
675 3292 884 3366 recondere
902 3295 1103 3378 rideretur.
1117 3285 1198 3368 llic·
1212 3319 1298 3369 vero

297 3405 510 3505 phthisicus
530 3409 623 3480 alter
641 3426 697 3482 est
717 3409 764 3481 de
783 3410 953 3502 duobus,
978 3413 1117 3511 quibus
1148 3413 1297 3496 laudata

355 3905 384 3982 a)
405 3907 443 3961 N.
463 3913 490 3973 l..
616 3973 621 3988 Ι

374 4021 386 4099 )
405 4025 472 4078 Act.
487 4023 525 4079 N.
541 4024 574 4080 C.
589 4033 660 4078 tom.
675 4031 709 4094 4,
727 4023 790 4080 obs.
806 4031 854 4097 47.
