2800 4674
145 471 215 519 cru.
243 469 284 517 ιι.
312 464 519 516 nnnouars
545 465 874 531 moriemurne.
901 469 974 517 xxi.
1007 447 1073 519 113

75 600 194 658 teram
218 596 344 654 autem
368 581 531 652 sectione
549 577 618 648 hac
639 581 690 649 IV
712 576 775 674 (r)
799 578 874 649 Ubi
893 584 1003 652 etiam
1022 596 1077 654 est

76 703 203 774 Zacuti
221 700 375 798 propria
389 695 464 794 (a),
482 721 552 767 nec
571 709 696 766 tamen
720 720 765 766 eo
785 721 898 793 quem
917 699 969 769 ibi
985 724 1004 769 a
1019 715 1078 796 ty-

77 817 277 918 pographo
293 814 497 886 indicatum
508 810 669 899 videbis,
687 812 784 884 libro
800 814 898 883 illius
915 841 953 900 23
968 816 1033 886 sed
1049 817 1081 888 si

78 933 252 1007 conferre
270 932 365 1004 forte
382 930 567 1018 volueris,
582 943 619 1001 et
637 953 726 1001 saue
740 929 853 1026 paulo
871 930 977 1002 aliter
994 956 1081 1004 auc-

77 1065 138 1123 tor
163 1052 386 1150 scripserat,
407 1047 506 1118 libro
531 1073 543 1117 1
565 1047 838 1145 perquirenda3
867 1051 993 1119 Zacuti
1015 1075 1081 1120 au-

78 1181 153 1240 tem
172 1169 290 1240 altera
309 1166 356 1239 ad
374 1163 626 1264 pericardium
639 1179 737 1236 certe
749 1190 828 1235 non
845 1166 1081 1253 attinet3imo

79 1284 141 1358 illa
164 1301 221 1357 est
245 1283 469 1355 Avenzoaris
488 1280 612 1352 morbi
631 1282 689 1354 sui
708 1280 921 1378 descriptio.
950 1284 983 1354 A
1004 1309 1082 1382 quo

79 1416 120 1473 ut
133 1400 366 1511 mediastini,
384 1401 437 1470 sic
463 1401 572 1470 etiam
597 1398 797 1497 pericardii
820 1381 1085 1502 inflammatio·

80 1541 187 1607 nem,
215 1532 254 1590 et
280 1517 491 1589 abscessum
512 1540 589 1589 esse
606 1532 833 1604 memorata,
855 1541 942 1588 cum
963 1519 1085 1590 Frein-

80 1631 164 1706 dius
187 1633 243 1732 (3)
268 1635 484 1723 admoneat;
503 1634 697 1732 quomodo
716 1635 855 1706 Salium
878 1649 914 1706 et
933 1635 1085 1707 Ronde-

81 1751 213 1824 letium
232 1751 509 1839 excusabimus,
527 1750 669 1850 nullam
689 1751 769 1844 ejus
783 1752 1016 1822 mentionem
1034 1750 1088 1824 fa-

86 1869 259 1942 cientes?
276 1861 479 1965 praese'rtim
503 1889 589 1936 cum
609 1865 671 1936 hic
694 1867 903 1962 scripserit,
928 1893 1012 1938 eum
1036 1873 1090 1961 af

72 1986 222 2077 fectum
231 1989 423 2070 neminem,
436 1981 540 2078 quod
547 1987 669 2068 sciret,
683 1979 948 2068 adnotasse5et
959 1985 1090 2078 Salius,

85 2099 303 2174 mirandum
325 2123 417 2186 esse,
446 2123 523 2196 qua
553 2104 699 2169 ratione
709 2103 869 2196 praxim
896 2099 1088 2192 docentes,

83 2224 300 2314 'utrumque
312 2214 485 2288 affectum
504 2221 558 2286 ita
575 2214 824 2313 neglexerint,
843 2232 885 2286 ut
898 2218 1089 2291 celsorum

86 2333 241 2432 quidem
265 2341 454 2406 mt‘m'mum
473 2337 632 2424 fecerint
659 2335 844 2406 verbum:
871 2361 1089 2435 quanquam

86 2451 150 2523 bic
171 2476 267 2550 quos
282 2453 528 2550 intelligeret,
547 2457 761 2524 novissimos
779 2451 952 2526 videlicet
976 2457 1091 2528 medi-

83 2591 171 2656 cos,
196 2594 263 2641 sua
289 2571 374 2642 satis
399 2568 613 2669 praefatione
639 2569 858 2658 declaravit,
886 2572 926 2642 in
952 2597 1093 2672 suaque

92 2685 307 2783 praefatione
324 2687 506 2775 ostendit,
523 2712 591 2758 cur
609 2690 823 2774 Avicennae,
844 2689 911 2783 (ut
926 2693 1092 2764 Jacotius
1159 2741 1164 2750 -

93 2826 170 2874 non
187 2803 280 2875 dum
299 2803 521 2876 morborum
539 2805 710 2875 omnium
728 2806 980 2893 curationem,
998 2809 1094 2880 sicut

100 2919 286 2990 ordinarii
292 2927 472 3020 practici,
491 2921 666 3009 doceret,
689 2920 754 2992 sed
775 2920 867 2993 dum
884 2927 1022 2994 Coacas
1040 2927 1095 2994 in·

95 3048 383 3134 terpretaretur,
403 3039 633 3134 censuerat),
652 3036 871 3110 inflammati
884 3039 1096 3112 mediastini

97 3157 349 3251 cognitionem
363 3158 442 3255 ipse
457 3157 611 3255 quidem
632 3155 797 3228 tribuere
810 3181 889 3226 non
911 3161 1095 3255 potuerit,

96 3281 198 3343 tanto
224 3273 403 3346 libentius
425 3275 636 3347 tributurus
658 3273 887 3360 Avenzoari,
906 3275 1096 3372 quodue-

95 3389 186 3458 tusti
203 3389 361 3485 alicujus
383 3392 539 3478 medici,
559 3406 602 3462 ut
618 3406 698 3462 tum
724 3388 910 3480 solebant,
932 3396 1097 3466 auctori·
1191 3411 1193 3417 ’

99 3511 169 3573 tate
188 3529 254 3576 sua
273 3507 376 3605 signa
394 3508 575 3605 pleraque
587 3509 638 3579 sic
657 3503 926 3578 confirmasset.
945 3513 1098 3600 Verum,

112 3681 1099 3711 wau-m

141 3800 183 3881 (ι)
203 3807 274 3864 obs.
295 3813 322 3874 4.

205 3907 277 3964 Obs.
296 3925 342 3981 ²9·
468 3983 470 3988 Ι

204 4007 368 4066 Bistua.
386 4005 436 4064 cit.
571 4077 574 4087 ,
