2820 4668
331 429 403 506 530
494 447 541 499 aa
568 443 715 500 snoruus
739 445 784 496 ar
808 445 933 497 oannis
958 446 1165 500 nonronnu

331 567 512 640 interiret.
533 566 592 638 Sic
609 585 699 636 vero
718 577 824 636 tanto
840 565 961 662 magis
975 565 1080 640 vides
1104 566 1150 638 ad
1167 581 1303 640 nostran

330 684 625 784 disputationem
637 683 859 754 osseasistas
871 683 1037 756 valvulas
1050 709 1128 756 non
1138 687 1304 782 pertinere,

329 820 410 877 tum
428 804 517 904 quia
535 827 613 873 non
633 799 771 873 abillis
789 815 937 872 tantum
955 799 1025 874 fuit
1042 806 1250 900 repentinus
1264 805 1305 874 in·

328 924 479 1009 teritus,
492 937 574 994 turn
588 919 676 1017 quia
689 917 775 1005 illue,
792 933 834 990 ut
849 934 934 991 ante
949 919 1093 992 dietum
1106 937 1179 1010 eat,
1192 945 1259 993 non
1270 919 1305 992 ad

328 1040 473 1130 cordis,
486 1039 552 1112 sed
568 1038 616 1110 ad
634 1038 856 1110 arteriarum
871 1061 955 1109 ossa
970 1040 1140 1110 attinent.

381 1183 438 1230 no.
459 1160 628 1248 Quarum
644 1155 694 1226 de
713 1154 880 1243 ossibus,
901 1179 996 1254 saepe
1014 1155 1131 1246 adeo,
1152 1172 1188 1228 et
1205 1153 1304 1230 ferein

331 1279 464 1376 quavis
486 1274 533 1346 ad
552 1289 590 1346 te
617 1273 776 1372 epistola
805 1276 1126 1361 commemoratis,
1157 1299 1250 1347 nunc
1271 1297 1305 1344 se

329 1397 460 1495 quitur
483 1407 526 1465 ut
548 1392 742 1464 videamus
764 1410 853 1464 vera
880 1415 928 1464 ne
959 1393 1033 1464 sint
1054 1414 1160 1481 oasa,
1189 1415 1232 1463 an
1251 1413 1304 1460 non

330 1515 425 1600 sint,
440 1504 767 1610 quemadmodum
784 1532 864 1580 non
885 1509 999 1608 paulo
1019 1523 1107 1583 ante
1126 1509 1182 1608 (r)
1200 1509 1306 1593 solun,

327 1651 459 1704 vorum
499 1631 611 1701 etiarn
645 1625 755 1714 alias,
785 1648 857 1700 nos
880 1624 1044 1701 facturos
1070 1649 1153 1702 este
1177 1649 1306 1728 spopon-

329 1749 465 1824 dimua
481 1749 655 1818 Primum
682 1745 879 1834 omnium,
905 1748 1172 1820 concretiones
1194 1748 1306 1846 plures,

328 1889 432 1969 quae,
448 1867 588 1940 duritie
614 1865 737 1938 solum
756 1878 942 1964 spectata,
960 1887 981 1936 a
998 1863 1196 1938 festinante
1213 1866 1306 1961 aliqu

328 1987 543 2060 anatomieo
560 1997 715 2083 possent
729 2003 800 2080 pro
811 1982 961 2056 ossibus
972 1984 1112 2082 arcipi,
1130 1999 1168 2056 et
1187 1981 1306 2055 fornae

327 2099 521 2190 interdurn
554 2115 714 2199 accepta
747 2115 862 2185 sunt,
893 2119 975 2174 esse
1002 2101 1050 2172 ab
1081 2101 1144 2175 his
1172 2109 1305 2174 accurate

328 2220 623 2320 distinguendas,
633 2231 671 2291 et
687 2218 870 2316 lapideas,
884 2217 1104 2317 tophaceas,
1124 2225 1304 2318 gypseae

327 2339 432 2440 quod
447 2339 581 2435 saepius
595 2337 752 2423 accidit,
769 2337 976 2410 calculosus
988 2357 1068 2410 esse
1076 2334 1304 2436 appellandas,

326 2446 1304 2555 atveriasingulurumnaturaudlupidis‚thophi‚gypsi

328 2591 365 2650 et
386 2573 620 2646 calculorum
641 2574 709 2669 qui
728 2571 904 2648 erebrius
926 2573 966 2644 in
983 2572 1168 2663 renibus,
1188 2568 1303 2646 auturi-

326 2675 431 2766 naria
452 2691 574 2763 vesica
593 2703 867 2779 concrescunt,
891 2691 1181 2765 similitudinem
1195 2689 1302 2763 videtur

325 2809 531 2897 accedere,
556 2823 662 2882 extra
684 2831 838 2881 ornnem
867 2809 1147 2881 dubitationem
1177 2809 1303 2908 positum

326 2943 390 3002 est.
408 2927 453 2998 ld
473 2945 563 2996 vero
583 2940 625 2998 ut
641 2926 781 3023 passim
801 2927 842 2995 in
860 2924 945 2998 aliis
957 2928 1130 3024 eorporis
1151 2923 1303 3025 partibus,
1361 3017 1362 3024 ἵ

326 3062 363 3121 at
378 3044 604 3116 nominatim
622 3044 661 3112 in
682 3043 823 3140 pineali
845 3043 1022 3141 glandula
1042 3043 1113 3140 (α)
1132 3101 1144 3132 ,
1160 3046 1208 3117 sic
1225 3041 1304 3114 etiam

325 3165 366 3233 in
388 3162 534 3233 arteriis
559 3159 700 3232 habere
718 3159 880 3246 locoru,
902 3161 1004 3232 ultro
1024 3163 1165 3260 agnovi
1183 3153 1304 3259 epistola

325 3281 449 3351 Xlllll
463 3276 553 3374 (3),
573 3277 640 3348 ubi
655 3276 884 3348 luculentam
906 3297 989 3376 prae
1005 3280 1151 3352 caeteris
1170 3267 1303 3350 Greiselii

324 3394 840 3468 observationemmontoravi
851 3397 996 3467 arteriae
1004 3397 1303 3496 partisinaremm
1359 3477 1360 3480 Ἴ

311 3511 494 3609 friabilis.
517 3516 563 3582 Et
583 3513 766 3609 quoniam
781 3511 834 3583 ibi
850 3512 899 3585 de
912 3513 1072 3586 valvulis
1092 3513 1302 3613 potissimum

1182 3683 1301 3710 ...μ-σθ

365 3810 411 3889 (ι)
430 3814 468 3870 Ν.
485 3831 531 3883 17.

364 3910 408 3988 (a)
429 3911 524 3987 Epist.
540 3908 575 3983 ὅ,
591 3930 623 3968 ιι.
641 3927 694 3967 1².

365 4009 412 4090 (3)
430 4011 470 4068 N&
483 4029 526 4086 9·.
