2800 4674
324 476 392 567 174
485 494 532 539 nn
559 491 706 540 smnus
731 491 779 537 rr
801 489 926 538 ctusls
951 491 1160 543 nonnosum

313 609 429 708 vulgo
454 607 727 692 existimarent3
754 629 832 676 non
858 602 927 676 fuit
948 604 1159 704 phthisicus
1176 610 1216 680 in
1238 611 1320 680 civi·

314 739 407 813 tate,
436 725 502 821 qui
521 720 697 796 eumdem
715 719 797 793 ‘sihi
822 725 1025 796 curationis
1051 723 1211 797 modum
1244 752 1317 798 non

315 839 594 941 praescriberet3
614 863 726 910 nemo
739 853 1008 911 tameneorum
1022 842 1146 913 evasit.

365 960 422 1030 28.
446 961 540 1028 Sunt
559 971 595 1028 et
612 956 690 1027 aliae
707 957 827 1028 multo
847 959 959 1032 etiam
974 957 1245 1056 profundiores
1263 985 1315 1030 ar·

314 1083 415 1149 teriae
436 1099 574 1174 asperae
587 1071 823 1161 affectiones,
837 1100 933 1172 quas
947 1075 1082 1174 vulgus
1098 1079 1253 1175 saepius,
1269 1078 1314 1147 in·

315 1195 464 1267 terdum
486 1207 522 1265 et
544 1191 700 1280 medici,
725 1215 810 1262 cum
833 1191 976 1289 phthisi
1000 1190 1257 1282 confundant,
1280 1195 1313 1264 in

316 1311 455 1412 quibus
481 1327 606 1382 tamen
637 1305 901 1384 affectionibus
925 1310 995 1407 ipsi
1018 1311 1225 1408 pulmones
1240 1313 1312 1383 sani

316 1445 413 1503 sunt.
427 1430 503 1517 Sic,
520 1453 567 1500 ne
582 1429 670 1500 alias
682 1427 746 1525 (1)
760 1429 806 1499 ad
816 1443 853 1500 te
869 1430 1024 1528 scriptas
1036 1427 1311 1502 observationes

316 1547 378 1620 hic
395 1563 580 1648 repetam,
594 1547 663 1636 sic,
676 1547 853 1646 inquam,
872 1547 1082 1619 Valsalvam
1100 1550 1259 1626 memini
1268 1548 1311 1620 di

316 1691 420 1756 cere,
446 1669 484 1737 in
504 1668 653 1742 nemine
678 1691 716 1738 se
740 1665 992 1764 pulchriores,
1008 1691 1122 1763 quam
1144 1668 1185 1736 in
1209 1671 1311 1739 Foro·

315 1784 612 1856 Cornelicnsium
628 1783 808 1881 episcopo
823 1782 1308 1880 Zaniopulmonesvidisse,

312 1905 375 1990 cui
389 1904 507 1974 vitiati
518 1901 770 1976 credebantur
783 1899 836 1971 oh
856 1900 1014 1987 multos,
1031 1925 1129 1996 quos
1136 1915 1309 1999 expecto·

313 2020 436 2108 rabat,
448 2019 844 2116 humores,apropriis
855 2015 1026 2091 videficet
1038 2015 1307 2088 bronchiorum

315 2137 502 2236 glandulis
521 2151 692 2208 secretos.
712 2137 786 2227 Qui
803 2136 874 2208 etsi
896 2159 1026 2210 revera
1043 2160 1123 2206 non
1150 2137 1229 2208 sint
1250 2160 1307 2234 pu·

313 2255 471 2338 rulenti‚
496 2253 685 2324 interdum
708 2269 834 2325 tamen
863 2252 1049 2348 ejusmodi
1076 2267 1186 2340 sunt,
1215 2269 1255 2324 ut
1280 2253 1306 2330 si

313 2371 397 2468 quis
416 2371 641 2470 purulentos
662 2395 740 2442 esse
765 2369 988 2456 contendat,
1007 2367 1114 2442 facile
1138 2371 1240 2441 inter
1257 2383 1305 2450 tot

311 2487 393 2558 illas
403 2490 675 2585 purissormas
691 2512 738 2559 ac
751 2493 889 2586 spectes
898 2511 995 2585 quas
1013 2485 1305 2588 Arptaeus(2)sic

312 2607 565 2693 enumeravit,
584 2621 625 2678 ut
633 2630 760 2706 prope
782 2607 948 2702 infinitas
967 2629 1043 2678 esse
1067 2603 1227 2694 diceret,
1243 2604 1304 2676 ali·

311 2748 425 2821 quam
441 2725 622 2822 reperiat,
642 2724 689 2795 ad
703 2749 820 2822 quam
834 2720 973 2795 referre
988 2722 1072 2797 illos
1086 2747 1200 2821 posse
1214 2746 1303 2820 qua-

311 2841 498 2916 dantenus
512 2842 693 2913 videatur.
715 2847 837 2939 Atque
858 2841 1002 2910 utinum
1019 2864 1105 2910 cum
1120 2839 1302 2917 dubitatio

308 2959 499 3031 interdum
514 2959 639 3057 aliqua
653 2959 839 3055 injicitur,
860 2972 951 3028 tunc
966 2972 1075 3029 oertee
1092 2981 1256 3055 occuper,
1268 2967 1303 3026 et

309 3079 355 3152 de
373 3077 514 3176 quibus
526 3079 624 3148 inter
637 3101 769 3148 omnes
781 3077 1022 3163 conveniret,
1038 3075 1118 3146 veri
1129 3077 1303 3174 porisno·

308 3211 352 3267 tae
374 3198 553 3294 signaque
580 3207 778 3266 exstarent.
806 3195 901 3264 Nam
930 3191 1035 3289 quod
1058 3195 1221 3269 trontius
1231 3189 1302 3287 (3),

309 3313 470 3411 exempli
484 3313 618 3408 gratia,
636 3312 806 3423 ita-puta
823 3311 957 3409 pituita
976 3309 1245 3406 distinguit‚ut
1260 3305 1301 3376 il·

308 3427 376 3499 lud
389 3429 610 3502 cinericium
628 3429 693 3515 sit,
716 3427 795 3498 haec
815 3426 917 3514 alha;
935 3425 1030 3496 illud
1049 3425 1218 3499 foetidum
1230 3422 1300 3495 sal·

307 3561 383 3619 tem
398 3545 561 3636 modice,
585 3544 664 3616 haec
678 3569 935 3642 nequaquam
956 3541 1049 3622 illud
1069 3543 1245 3617 secedens
1257 3542 1296 3610 in

342 3849 390 3926 (ι)
409 3848 503 3923 Epist.
520 3845 553 3917 f,
566 3865 596 3902 n.
611 3863 663 3916 αι,
679 3856 707 3902 et
720 3845 815 3920 Epist.
832 3863 886 3912 ιο,
903 3865 934 3902 n.
954 3865 1002 3902 u.

344 3949 389 4026 (2)
409 3951 453 4004 De
465 3967 545 4004 caus.
558 3957 587 4002 et
601 3955 663 4001 not.
679 3946 811 4002 diuturn.
827 3945 925 4002 affert.
938 3947 959 4002 1.
975 3965 1005 4016 1,
1020 3965 1046 4002 c.
1057 3964 1086 4022 9.

344 4049 389 4126 (3)
411 4050 526 4104 Comm.
546 4066 559 4101 1
578 4045 610 4100 in
624 4046 645 4102 l.
659 4045 691 4120 6,
708 4065 731 4102 s.
745 4063 773 4118 2,
788 4041 857 4121 aph.
871 4065 890 4122 9
904 4047 1027 4102 Coacar.
