2816 4668
296 403 367 494 448
462 424 510 470 nn
536 418 682 468 sentens
706 419 750 466 rr
776 417 900 468 crosis
925 419 1136 470 ronronmr

295 538 480 616 tollebant
493 563 504 624 ;
516 537 643 632 itaque
658 557 727 632 per
741 533 937 608 vulnerata
962 538 1137 634 proxima
1155 541 1306 637 sangui-

298 659 377 732 fera
392 681 476 728 vasa
489 677 573 740 aere
589 653 734 750 elapso,
745 675 795 723 eae
814 651 956 724 cetlutae
967 653 1234 726 conciderunt.

350 781 393 846 ln
413 773 501 848 bilis
523 769 686 845 vesicula
711 783 876 865 quatuor
894 785 960 840 aut
980 773 1153 870 quinque
1169 773 1308 871 lapilli,
1396 767 1397 798 i

299 891 475 990 inaequali
488 891 588 958 inter
607 911 645 960 se
664 885 923 982 magnitudine
943 887 1235 976 condebantur,
1247 891 1308 987 qui
1396 913 1397 922 2

302 1011 348 1086 ad
373 1006 601 1080 flammulam
625 1003 786 1088 admoti,
804 1002 902 1074 hanc
922 1028 1150 1104 concepere.
1180 1012 1238 1080 Ex
1259 1009 1309 1078 in-

301 1131 376 1202 cisa
398 1148 491 1194 vena
518 1144 606 1192 cava
636 1119 785 1216 sangnis
810 1144 890 1199 nou
912 1105 1073 1220 paucus,
1101 1147 1150 1194 ex
1173 1148 1308 1222 magna
1397 1165 1398 1174 ,

302 1259 426 1318 autem
447 1239 579 1310 arteria
602 1262 680 1308 non
700 1238 841 1310 multus
853 1237 1018 1311 defluxit.
1032 1240 1127 1312 Satis
1142 1241 1228 1336 jam
1244 1243 1310 1314 ins
1397 1335 1398 1338 Ἴ

302 1360 444 1460 pectis,
465 1355 607 1438 „ventris
623 1353 1014 1439 visceribusdetractis
1025 1371 1181 1455 septum
1194 1373 1310 1430 trans-
1397 1339 1398 1402 ss

302 1499 452 1550 versum
474 1472 653 1568 utrinque
674 1496 755 1566 ‚non
774 1473 813 1542 in
832 1469 986 1546 fornicis
1011 1473 1311 1547 modumascen·

305 1595 410 1685 dere,
426 1591 489 1674 scd
506 1591 682 1684 deorsum
694 1590 821 1688 potius
836 1589 1055 1680 concidere,
1069 1590 1311 1668 manifestum
1398 1625 1399 1692 ζ

304 1711 385 1784 fuit.
405 1709 573 1798 Thorace
591 1706 757 1794 recluso,
778 1708 817 1778 in
836 1722 996 1805 utraque
1014 1709 1094 1804 ejus
1122 1733 1242 1782 cavea
1263 1736 1311 1784 se-

303 1854 389 1901 rum
425 1825 688 1922 conspeximus
716 1824 823 1920 valde
853 1840 1073 1915 cruentum,
1101 1826 1152 1898 ad
1180 1851 1311 1925 paucas

306 1947 437 2019 uncias
454 1941 634 2015 effusum:
651 1938 852 2037 pulmones
862 1957 988 2015 autem
1001 1947 1312 2042 sanos,quamvis

305 2061 484 2154 nonnihil
505 2058 737 2158 turgidulos;
757 2084 841 2142 sero
858 2061 981 2151 enim,
1004 2077 1046 2134 ut
1069 2076 1206 2160 postea
1224 2063 1311 2150 vidi,

307 2185 389 2280 ejus
417 2178 529 2252 simili
555 2176 659 2276 qnod
683 2176 799 2248 modo
822 2177 1016 2266 dicebam,
1041 2174 1183 2261 referta
1212 2194 1312 2252 erant

306 2297 510 2383 bronchia,
528 2296 734 2394 praesertim
757 2295 961 2366 sinistrum.
985 2301 1130 2370 Interea
1153 2301 1312 2395 pericar-

269 2459 272 2464 ·
306 2416 410 2488 dium
426 2430 576 2484 tumens
598 2437 641 2484 ac
664 2413 783 2484 livens
800 2415 992 2510 sanguinis
1008 2416 1047 2484 in
1067 2441 1106 2491 se
1127 2413 1243 2490 effusi
1261 2419 1311 2488 in-

307 2533 447 2612 dicium
473 2529 628 2625 dederat
648 2555 656 2598 :
680 2555 759 2626 quo
774 2545 900 2602 tamen
919 2557 998 2602 non
1024 2548 1104 2606 erat
1134 2534 1313 2631 plenum,

306 2648 373 2724 sed
389 2647 503 2748 paulo
524 2647 648 2718 minus
668 2672 782 2744 quam
802 2647 937 2722 libram
952 2648 1196 2740 continebat,
1214 2654 1314 2749 cujus

306 2769 425 2842 unciae
446 2766 595 2868 circiter
615 2765 696 2836 duae
714 2791 839 2854 serum
860 2784 967 2842 erant
987 2784 1215 2860 cruentum,
1239 2795 1315 2844 san·

310 2887 392 2986 guis
410 2883 579 2986 reliquus
599 2884 638 2952 in
654 2882 834 2980 laminam
846 2909 1005 2958 crassam
1023 2902 1061 2958 et
1079 2887 1133 2968 sic
1155 2891 1248 2960 satis
1262 2886 1317 2958 iir-

308 3028 409 3076 mam
443 3016 707 3090 concreverat3
734 3026 819 3072 cum
844 3003 1032 3100 quidquid
1059 3007 1261 3100 sauguinis
1281 3008 1317 3076 in

192 3170 199 3177 -
309 3122 488 3194 cadavere
504 3117 577 3188 hoc
594 3120 791 3216 conspexi,
809 3123 960 3220 nigrum
971 3121 1125 3218 quidem
1144 3139 1265 3211 esset,
1281 3137 1318 3193 ut

309 3241 393 3326 hic,
408 3236 472 3324 sed
491 3237 648 3307 omnino
666 3235 838 3312 fluidum.
857 3241 1046 3338 Sanguine
1062 3264 1082 3312 c
1104 3241 1318 3337 pericardio

311 3358 500 3442 detracto,
518 3377 605 3426 cum
621 3355 835 3430 videremus
854 3375 997 3430 aortam
1017 3359 1140 3431 statim
1164 3373 1284 3456 atque
1300 3385 1317 3432 e

311 3473 425 3550 corde
460 3495 607 3573 egressa
650 3488 748 3562 erat,
786 3473 983 3546 manifesto
1027 3475 1201 3561 dilatari;
1242 3481 1318 3574 ejus

308 3609 487 3670 truncum
505 3603 542 3658 et
561 3613 685 3660 ramos
705 3593 915 3691 praecipuos
930 3585 1167 3691 persecuins,
1185 3595 1319 3693 depre-

309 3708 428 3782 hendi
455 3705 562 3776 illum
587 3707 742 3802 quidem
769 3706 989 3807 ferensque
1015 3711 1062 3782 ad
1083 3711 1318 3810 emulgentes

282 3811 291 3821 ⁸
308 3826 461 3900 arterias
472 3850 482 3911 3
495 3822 634 3894 horum
648 3842 771 3911 autern
789 3855 875 3903 cuni
893 3832 960 3925 qui
973 3829 1137 3902 dexteris
1159 3829 1315 3901 carotidi

307 3961 344 4018 et
354 3942 549 4018 subclaviae
559 3946 774 4018 communis
784 3962 851 4038 est,
861 3946 1315 4044 itemqueharumutram·
