2816 4668
333 445 404 522 388
498 469 545 518 ιιι
571 467 718 519 sumnus
742 471 786 520 ur
811 470 936 521 crusis
962 467 1169 525 uonronnu

330 587 458 686 potius
476 583 555 656 haec
575 599 765 683 repeteres
790 610 906 684 quam
933 586 981 660 ab
1004 589 1170 680 ossibus,
1197 594 1303 690 quein

328 704 497 802 praesulis
510 727 665 801 quoque
685 727 806 777 crassa
824 705 1002 805 meninge
1021 725 1168 807 reperta
1187 725 1268 782 sunt.

376 823 409 894 8.
429 825 476 894 At
492 822 618 910 enim,
629 822 777 920 inquis,
795 823 967 920 exempla
995 826 1107 897 etiam
1126 841 1244 900 extent
1259 845 1303 897 os-

280 1019 283 1028 ,
325 941 423 1014 sium
444 940 484 1010 in
504 937 635 1010 eadem
659 939 836 1038 meninge
851 937 1198 1037 deprehensorum,
1211 969 1229 1014 a
1243 943 1301 1040 qui·

323 1056 397 1130 bus
413 1071 540 1128 tamen
554 1055 632 1126 ulla
646 1069 728 1126 orta
741 1055 984 1129 incommoda
999 1081 1079 1129 non
1092 1058 1302 1132 adnotantur.

323 1179 406 1272 Ego
420 1197 511 1244 vero
528 1171 623 1244 adeo
646 1169 726 1242 haec
748 1195 828 1245 non
851 1198 974 1272 nego,
990 1189 1033 1246 ut
1050 1177 1145 1248 meis
1160 1202 1233 1248 non
1250 1175 1299 1245 du·

321 1291 440 1364 bitem
468 1287 795 1362 observationibus
819 1289 1056 1365 confirmare.
1077 1296 1172 1365 Nam
1197 1306 1300 1392 praeter

322 1405 419 1480 illud
431 1431 474 1479 os
486 1431 667 1506 magnum
684 1406 790 1504 quod
806 1407 895 1480 alias
911 1407 969 1505 (1)
984 1408 1185 1509 descripsi,
1202 1407 1299 1480 inveni

321 1526 484 1600 alterum
504 1525 544 1596 in
571 1526 675 1614 viro,
700 1524 748 1597 de
775 1549 853 1623 quo
878 1525 967 1598 alibi
996 1525 1071 1624 (ι)
1090 1551 1210 1600 sermo
1232 1526 1299 1611 erit,

319 1643 524 1717 mediocris
544 1667 624 1714 uvae
641 1641 741 1714 acini
759 1644 1043 1741 magnitudine,
1064 1643 1250 1744 superlicie
1261 1642 1297 1712 le

317 1763 415 1835 riter
429 1785 608 1862 grauosa,
640 1759 883 1857 interjectum
909 1785 1038 1834 crassae
1057 1763 1234 1860 tenuique
1248 1784 1297 1830 ne

318 1882 446 1980 ningi,
465 1880 571 1978 quod
596 1877 668 1950 sibi
684 1877 980 1976 respondentem
1004 1876 1154 1952 foveam
1178 1900 1297 1950 excava·
1365 1961 1366 1980 ,

316 2014 422 2073 verat
439 1983 479 2070 in
496 1997 653 2070 diducto
676 1994 824 2069 cerebri
849 1996 955 2068 sulco
975 2020 1051 2094 qua
1069 1991 1296 2094 hemispherii

320 2117 461 2189 sinistri
483 2139 570 2214 pars
593 2113 767 2212 superior
790 2113 838 2185 ab
863 2115 1052 2187 anteriore
1071 2137 1142 2186 suo
1162 2126 1302 2186 extremo

319 2233 457 2333 digitos
473 2248 707 2305 transversos
726 2246 891 2330 quatuor
909 2229 1089 2320 distabat,
1111 2225 1296 2329 sesquidigi·

318 2367 400 2424 tum
415 2365 541 2423 autem
556 2349 604 2420 ab
614 2347 880 2447 hemisphaerio
897 2347 1197 2439 dextero,foveae
1209 2344 1297 2446 parie-

317 2468 439 2556 tibus,
452 2483 489 2540 et
506 2467 748 2564 circumjecta
764 2467 973 2540 substantia
990 2467 1198 2540 seeundum
1214 2475 1295 2535 natu·

315 2611 399 2661 ram
415 2609 453 2658 se
474 2582 710 2656 habentibus.
733 2589 780 2657 Et
796 2611 845 2658 ne
866 2585 1054 2684 longiusa
1077 2565 1211 2656 falcato
1232 2601 1296 2707 pro·

317 2727 424 2778 oessu
448 2701 601 2792 abeam3
619 2725 721 2788 anno
750 2696 842 2800 172'6
863 2716 901 2776 et
926 2726 1029 2774 anno
1052 2706 1164 2800 1744,
1181 2721 1254 2772 curn
1266 2717 1293 2763 ιι

314 2821 534 2922 gymnasio,
552 2834 595 2891 ut
612 2803 743 2892 solitus
764 2843 868 2909 sum,
887 2845 967 2892 non
987 2843 1109 2892 unum
1128 2814 1293 2889 cerebrum
1362 2839 1363 2880 3

318 2939 564 3028 dissererem,
590 2938 630 3008 in
651 2937 735 3008 viro
752 2938 920 3034 itemque
941 2937 981 3006 in
999 2936 1158 3008 muliere
1177 2955 1248 3006 ossa
1258 2909 1363 2997 ibi

217 3043 220 3050 “
313 3056 481 3131 adhunc
498 3054 657 3126 modum
676 3056 869 3152 conspexi.
901 3059 946 3124 In
969 3052 1036 3126 illo
1054 3052 1155 3126 sub
1146 3074 1222 3152 rpso
1234 3069 1292 3118 ver

314 3178 404 3263 tice,
431 3173 480 3245 ad
511 3171 660 3270 singula
689 3171 973 3268 longitudinalis
999 3172 1103 3243 sinus
1125 3162 1291 3254 latera,iu

312 3297 394 3392 ipsa
402 3291 504 3364 durae
519 3291 707 3389 meningis
719 3289 945 3379 substantia,
960 3289 1109 3389 singula
1120 3299 1290 3361 erantnon
1361 3299 1362 3302 ’

310 3433 426 3512 parva
445 3408 627 3496 ossicula,
648 3431 815 3504 quorum
834 3405 981 3478 unum
971 3432 1013 3477 m
1032 3406 1163 3506 plures
1183 3400 1289 3474 oblon-

311 3553 379 3630 gos
391 3541 598 3623 acutosque
612 3549 720 3623 quasi
709 3525 948 3598 denticulos
964 3522 1170 3597 desinebat.
1184 3526 1223 3592 In
1232 3537 1289 3587 mu·

309 3649 401 3720 liere
418 3658 561 3730 autem,
582 3666 698 3740 parva
715 3643 876 3716 ossicula
895 3656 1003 3716 erant
1030 3643 1121 3732 tria,
1145 3638 1221 3714 fere
1237 3629 1287 3706 sub

306 3813 1280 3846 Μ

347 3931 392 4010 (1)
413 3932 507 4008 Epist.
523 3931 556 4001 3,
573 3951 604 3986 n.
624 3947 673 3985 ro.

347 4033 389 4110 (n)
413 4031 508 4108 Epist.
525 4029 577 4102 52,
596 4051 626 4089 n.
646 4031 695 4088 32.
715 4039 718 4046 '

1356 4423 1357 4440 ι

1342 4615 1356 4642 A
