2820 4668
374 417 444 490 508
535 439 583 486 ua
608 435 755 486 saumas
779 437 822 482 nr
848 433 973 482 (tuusls
998 434 1203 482 uoaaonuu-

372 555 522 628 sinistro
542 548 724 624 effuderat
747 575 814 647 per
828 551 1025 620 scissuram
1049 565 1133 620 octo
1155 551 1279 629 circiter
1294 550 1324 622 li·

370 697 462 747 neas
479 672 647 768 longam,
670 694 753 766 quae
772 669 808 737 in
833 669 958 738 medio
978 669 1077 740 illius
1098 669 1271 740 ventriculi
1284 695 1323 738 re·

369 805 475 888 perta
494 803 559 860 est.
579 793 716 860 Caetcra
730 811 813 882 qnae
829 784 873 856 ad
888 811 953 856 eos
965 809 1073 856 casus
1087 771 1322 883 attinentperle·
1358 791 1359 806 ¹

370 931 458 1006 gere
485 906 629 1004 poteris
654 903 753 1000 apud
785 903 960 972 eunom
990 905 1210 978 blorautlum
1232 919 1321 1001 pratu

371 1050 431 1096 eas
451 1049 534 1121 qum
545 1036 807 1120 praecesserant
828 1047 956 1092 causas
973 1037 1008 1092 et
1028 1037 1162 1094 notas:
1184 1046 1320 1118 quarum

370 1144 456 1240 quia
476 1141 579 1224 nulla
598 1138 737 1210 suerint
755 1137 996 1223 adnotatione
1017 1139 1159 1238 dignu,
1175 1165 1218 1210 an
1240 1141 1319 1237 potius

370 1258 475 1356 quod
494 1260 564 1329 sint
579 1256 624 1326 ad
643 1256 863 1328 ulteriorem
885 1259 1147 1328 tractationem
1169 1257 1282 1342 dilate,
1298 1257 1319 1324 in

369 1400 415 1448 eu
431 1375 586 1472 quidem
603 1377 875 1446 commentario
899 1402 975 1446 non
997 1391 1212 1446 occurrunt.
1233 1375 1318 1444 Sedit

366 1493 595 1592 penultima,
611 1508 795 1588 quantum
814 1518 883 1589 ego
907 1495 1014 1577 novi,
1041 1495 1146 1590 rupti
1165 1492 1270 1564 cordis
1282 1489 1317 1561 ob

368 1611 578 1682 servatione
597 1609 644 1680 ad
667 1609 984 1682 exulcerationem
1007 1615 1234 1706 pertinente,
1256 1609 1315 1678 siuti

366 1743 545 1825 utrasque
562 1753 689 1799 earum
703 1727 750 1798 ad
769 1751 827 1797 me
846 1730 991 1825 scripsit
1007 1729 1105 1800 idem
1121 1725 1315 1826 qniillamht·

284 1871 287 1880 ’
366 1845 471 1932 buit,
493 1871 718 1942 mecumque
739 1847 1030 1916 communicavit
1048 1861 1153 1916 anno
1174 1851 1259 1943 ¹74⁰·
1277 1845 1317 1913 lle
1360 1889 1361 1896 κ

360 1963 474 2050 ¹dicus
487 1965 578 2035 olim
596 1966 632 2034 in
650 1963 864 2034 Placentina
879 1963 962 2034 aula
983 1965 1318 2061 spectatissimuslau·

366 2084 513 2156 rentius
530 2084 741 2167 Marianus,
761 2083 809 2154 ita
826 2107 928 2152 nnnc
946 2106 1039 2152 arne
1057 2080 1221 2154 babebis.

416 2202 448 2272 8.
466 2205 591 2298 Eques
607 2215 685 2272 erat
705 2201 984 2286 ornatissimus,
1005 2225 1130 2272 annos
1148 2195 1319 2292 natusqnit·

366 2345 442 2417 que
462 2335 498 2390 et
515 2320 726 2416 sexaginta,
745 2318 808 2390 sed
825 2317 991 2394 robustis
1008 2318 1190 2390 membris
1204 2333 1233 2389 et
1243 2311 1318 2412 proha

366 2437 572 2506 humorum
599 2437 802 2533 temperie,
823 2438 892 2506 nisi
916 2435 1020 2532 quod
1049 2452 1138 2508 ante
1163 2457 1264 2506 annos
1279 2427 1317 2498 ali·

366 2568 461 2649 quot
477 2552 667 2622 diuturnis
690 2567 727 2624 et
749 2553 1040 2624 contumacibus
1056 2577 1209 2624 crurum
1231 2544 1318 2621 ulceri·

363 2669 436 2742 hus
467 2667 730 2742 laboraverat:
757 2696 840 2768 quae
866 2686 1065 2768 pertaesus,
1092 2669 1254 2766 remediis
1270 2683 1318 2758 qut
1361 2673 1362 2716 ³

364 2786 521 2860 internis
548 2811 623 2884 qua
651 2789 815 2862 externis
841 2770 994 2860 tandem*
1029 2798 1276 2887 persanaverat.
1296 2781 1317 2846 1⁵

363 2906 565 2980 novissime
586 2905 828 2978 rheumaticis
848 2906 1046 2980 doloribus
1064 2905 1221 2979 subinde
1241 2901 1317 2974 obre

364 3026 469 3112 xius,
487 3022 552 3097 sed
569 3022 714 3095 levibus
731 3022 826 3094 adeo
843 3039 885 3094 ut
897 3024 1014 3096 domo
1029 3026 1130 3096 exire
1145 3050 1217 3096 non
1234 3011 1317 3118 prohi-

363 3142 520 3229 berent,
540 3140 645 3237 quod
661 3157 698 3229 et
711 3140 833 3238 pridie
844 3140 1003 3228 fecerat,
1020 3166 1134 3239 quam
1148 3149 1319 3212 moreretur>

364 3260 409 3330 iis
425 3259 597 3332 acerbius
616 3259 828 3357 prehensus
842 3275 916 3347 est,
945 3264 979 3330 V
993 3284 1118 3344 ¹nouas
1143 3261 1271 3356 junias,
1289 3243 1317 3317 ad

366 3390 534 3452 sternum
560 3375 715 3473 quidem
744 3392 779 3448 et
810 3376 985 3465 brachia,
1016 3403 1095 3450 non
1127 3380 1204 3450 sine
1228 3363 1317 3466 capitit

366 3492 662 3592 perturbatione.
679 3493 826 3586 Quibus
844 3519 914 3592 per
932 3519 1075 3593 eaquae
1096 3509 1182 3568 sunt
1196 3491 1259 3562 visa
1271 3504 1317 3552 m·

365 3612 420 3709 gis
433 3609 588 3698 idonea,
603 3635 690 3682 cum
707 3631 905 3684 occursum
924 3629 1038 3702 esset;
1051 3615 1129 3709 jam
1145 3613 1233 3684 cirea
1246 3597 1317 3674 meri·

366 3728 466 3798 diem
485 3750 618 3824 magna
631 3753 676 3796 ex
694 3743 799 3825 parte
817 3729 1022 3817 relevatus,
1035 3730 1200 3826 quamvis
1208 3719 1317 3794 infirffl⁰
1361 3727 1362 3798 ³

366 3845 478 3942 pulsu
496 3844 667 3916 alacriter
688 3869 726 3916 se
746 3844 906 3942 gerebat.
926 3850 955 3918 A
976 3847 1134 3944 prandio
1153 3868 1231 3915 cum
1247 3834 1317 3932 qnie-
1361 3831 1362 3836 ’

365 3964 495 4052 visset,
517 3959 815 4061 expergefactus,
832 3963 984 4065 eosdem
1011 3989 1108 4064 quos
1126 3984 1226 4054 mane
1245 3948 1316 4024 dolo·
