2808 4664
148 423 216 498 nr.
243 451 284 498 ιι.
312 452 358 512 nx
383 449 528 501 uouere
544 426 740 514 erroneus,
766 451 877 500 nrrsr.
898 455 1002 502 xxur.
1030 455 1098 502 ιιι

103 561 213 649 roias,
237 587 321 660 quae
347 563 523 636 extremis
537 561 693 650 diebus,
714 563 778 633 sed
805 565 913 636 etiem
937 567 1105 656 asthma,

101 679 202 775 quod
227 680 292 751 diu
307 695 392 752 ante
416 676 555 764 fueret,
574 704 652 750 non
672 683 990 776 praetermitteret:
1010 707 1104 754 con-

102 795 225 884 sulto,
243 822 290 868 an
301 823 348 868 ex
361 796 574 881 oblivione,
589 795 724 867 viderit
739 798 1019 894 quiBlancerdo
1031 824 1107 873 me-

103 918 176 1016 gis,
197 939 309 1012 quern
330 915 424 1010 ipsi,
447 911 593 1000 creden
612 911 691 984 haec
716 915 816 985 enim
846 915 908 984 illa
933 915 1107 1006 dissectio

101 1048 178 1120 est,
210 1033 271 1104 cui
287 1029 521 1128 Ru'ys'chium
546 1028 757 1102 interfuisse
778 1030 976 1120 duntaxat,
994 1037 1023 1104 si
1048 1061 1109 1106 su-

102 1152 204 1248 peris
217 1150 354 1247 placet,
372 1157 413 1220 ut¹
433 1147 541 1218 initio
561 1161 616 1218 est
631 1147 772 1220 dictum
791 1147 860 1246 (1),
878 1150 1108 1246 significavit.

101 1273 149 1340 At
166 1269 199 1340 si
224 1267 277 1340 illi
291 1264 496 1351 credimus,
517 1258 801 1361 palpitationem
824 1267 1013 1337 interdum
1031 1293 1110 1340 non

102 1383 282 1471 defuisse,
295 1382 495 1457 credamus
506 1405 660 1478 quoque
672 1408 823 1454 necesse
837 1398 904 1472 est,
919 1409 988 1455 cor
998 1385 1111 1460 fuisse

102 1501 223 1600 duplo
242 1501 383 1596 majus
401 1523 514 1595 qrram
530 1499 670 1572 solent:
692 1501 799 1595 cujus
813 1501 959 1573 sinistri
970 1505 1112 1574 ventri-,-

97 1619 180 1691 culi
192 1617 361 1698 dilatatio
377 1620 464 1688 cum
479 1615 558 1686 aliis
574 1639 656 1710 quae
666 1632 774 1685 erant
786 1633 1112 1712 praeternaturarn‚
1154 1667 1170 1678 a

102 1739 142 1808 in
171 1735 363 1834 plerisque
381 1758 470 1806 sane
497 1757 627 1802 earum
644 1730 951 1803 observationum
972 1759 1115 1832 propo.-

103 1857 228 1941 nitur,
243 1831 339 1948 queis
352 1848 467 1923 modo
480 1873 526 1920 ex
536 1847 664 1943 Anglis
680 1845 934 1920 laudabamus.
951 1850 1114 1948 Illoque

104 1971 197 2044 dem
209 1955 325 2066 quini
343 1980 452 2036 autea
465 1963 633 2036 ediderat
645 1968 835 2061 Reygerus
853 1965 1113 2062 (2),01nnium

104 2088 266 2160 minime
279 2083 429 2157 videtur
448 2095 576 2179 patere
589 2081 801 2154 istiusmodi
818 2084 1112 2180 exceptionibus,

104 2228 201 2276 curn
215 2207 253 2272 in
273 2215 354 2270 toto
370 2223 529 2298 corpore
543 2199 641 2270 nihil
654 2201 886 2287 morbosum,
905 2199 1115 2298 nilzilprre-

104 2317 344 2400 ternaturale
369 2332 559 2414 repertum
584 2316 791 2405 scribatur,
816 2313 891 2388 nisi
913 2317 1019 2414 quod
1037 2327 1114 2390 tres

103 2435 276 2514 valruloe
289 2433 547 2519 reinducere-«r,
560 2434 616 2506 ad
626 2441 776 2506 arteriae
788 2461 936 2530 magnae
950 2461 997 2505 ex
1011 2442 1115 2508 sinir-

96 2569 169 2626 t'ro
189 2552 312 2624 cordis
327 2549 536 2624 ventriculo
546 2576 731 2646 egressum
742 2559 824 2624 st'toe
838 2555 1112 2643 osseoe'firerint.

104 2675 288 2745 stramen
312 2670 439 2743 omnia
457 2693 541 2765 quse
553 2669 604 2740 de
630 2694 675 2740 eo
699 2669 854 2741 homine
880 2669 1115 2760 indicantur,

106 2789 329 2886 diligentius
360 2787 594 2885 perpendam
614 2787 710 2858 nulli
728 2787 974 2860 incommodo
996 2788 1118 2858 ohno-
1178 2871 1180 2874 Ι

105 2909 215 2980 xium
229 2905 358 2994 fuisse,
371 2902 526 2976 fortasse
534 2903 906 2994 ecbitreberisdbnec
920 2908 1117 3001 repentina

107 3040 257 3110 morte,
275 3045 523 3120 quaecumque
538 3022 774 3118 hujuscausa
793 3019 925 3106 fuerit,
947 3020 1116 3093 sublatus

110 3157 181 3216 est.
203 3145 344 3214 Verum
365 3163 451 3212 cum
469 3140 539 3210 tlte
552 3165 711 3238 ,quaeex
733 3139 815 3210 aliis
840 3135 1001 3234 partium
1028 3165 1118 3210 con-

105 3257 498 3356 junctisleesionibus
525 3258 765 3353 exceptiones
794 3269 1035 3352 repetuntur,
1066 3256 1120 3327 ibi

110 3375 235 3472 magis
261 3374 387 3445 locum
403 3372 547 3444 habere
567 3374 730 3470 possint,
747 3371 813 3442 ubi
832 3372 1013 3468 quaeritur
1037 3398 1120 3470 quae

110 3492 333 3590 palpitionis
353 3515 463 3562 causa
479 3489 609 3590 fuerit,
637 3516 750 3587 quem
767 3488 835 3561 ubi
848 3491 1027 3586 queritur
1048 3515 1123 3588 cur
1214 3504 1216 3508 '

111 3635 197 3680 non
213 3606 342 3696 fuerit3
362 3634 434 3680 nos
452 3610 712 3705 exceptiones,
733 3631 825 3706 quas
845 3606 1004 3678 subinde
1024 3606 1124 3674 indi-

116 3791 298 3811 n—-p———v

157 3892 204 3968 (ι)
224 3895 262 3949 Ν.
284 3913 310 3948 1.
442 3967 448 3975 Ι

156 3989 202 4070 (2)
224 3993 338 4069 Supra,
350 4010 381 4047 n.
395 4007 424 4064 9.
