<?xml version="1.0" encoding="UTF-8"?>
<!DOCTYPE html PUBLIC "-//W3C//DTD XHTML 1.0 Transitional//EN"
    "http://www.w3.org/TR/xhtml1/DTD/xhtml1-transitional.dtd">
<html xmlns="http://www.w3.org/1999/xhtml" xml:lang="en" lang="en">
 <head>
  <title>
</title>
<meta http-equiv="Content-Type" content="text/html;charset=utf-8" />
  <meta name='ocr-system' content='tesseract 3.04.00' />
  <meta name='ocr-capabilities' content='ocr_page ocr_carea ocr_par ocr_line ocrx_word'/>
</head>
<body>
  <div class='ocr_page' id='page_1' title='image "./desedibusetcaus01adelgoog_0045.png"; bbox 0 0 2850 4668; ppageno 0'>
   <div class='ocr_carea' id='block_1_1' title="bbox 312 423 1148 519">
    <p class='ocr_par' dir='ltr' id='par_1_1' title="bbox 312 423 1148 519">
     <span class='ocr_line' id='line_1_1' title="bbox 312 423 1148 519; baseline -0.002 -1"><span class='ocrx_word' id='word_1_1' title='bbox 312 445 366 519; x_wconf 75' lang='grc'>36</span> <span class='ocrx_word' id='word_1_2' title='bbox 480 467 526 514; x_wconf 81' lang='lat' dir='ltr'>nn</span> <span class='ocrx_word' id='word_1_3' title='bbox 552 464 698 514; x_wconf 81' lang='lat' dir='ltr'>snomus</span> <span class='ocrx_word' id='word_1_4' title='bbox 722 423 767 511; x_wconf 70' lang='lat' dir='ltr'>tr</span> <span class='ocrx_word' id='word_1_5' title='bbox 791 462 914 513; x_wconf 76' lang='lat' dir='ltr'>causis</span> <span class='ocrx_word' id='word_1_6' title='bbox 940 465 1148 516; x_wconf 75' lang='lat' dir='ltr'>nonnosum</span> 
     </span>
    </p>
   </div>
   <div class='ocr_carea' id='block_1_2' title="bbox 277 573 1414 3720">
    <p class='ocr_par' dir='ltr' id='par_1_2' title="bbox 277 573 1414 3720">
     <span class='ocr_line' id='line_1_2' title="bbox 315 573 1322 678; baseline 0.001 -25"><span class='ocrx_word' id='word_1_7' title='bbox 315 580 487 654; x_wconf 85' lang='lat' dir='ltr'>eductum</span> <span class='ocrx_word' id='word_1_8' title='bbox 509 577 631 678; x_wconf 84' lang='lat' dir='ltr'>plane</span> <span class='ocrx_word' id='word_1_9' title='bbox 660 573 924 673; x_wconf 79' lang='lat' dir='ltr'>¹intelligebant</span> <span class='ocrx_word' id='word_1_10' title='bbox 961 579 1187 654; x_wconf 79' lang='lat' dir='ltr'>dtssectortoe</span> <span class='ocrx_word' id='word_1_11' title='bbox 1225 586 1322 654; x_wconf 77' lang='lat' dir='ltr'>artis</span> 
     </span>
     <span class='ocr_line' id='line_1_3' title="bbox 312 696 1319 796; baseline 0.002 -27"><span class='ocrx_word' id='word_1_12' title='bbox 312 697 422 770; x_wconf 80' lang='lat' dir='ltr'>haud</span> <span class='ocrx_word' id='word_1_13' title='bbox 435 701 596 796; x_wconf 86' lang='lat' dir='ltr'>imperiti</span> <span class='ocrx_word' id='word_1_14' title='bbox 598 696 855 793; x_wconf 74' lang='lat' dir='ltr'>profhssores:</span> <span class='ocrx_word' id='word_1_15' title='bbox 875 711 1062 794; x_wconf 83' lang='lat' dir='ltr'><em>quotquot</em></span> <span class='ocrx_word' id='word_1_16' title='bbox 1077 703 1175 770; x_wconf 80' lang='lat' dir='ltr'>enim</span> <span class='ocrx_word' id='word_1_17' title='bbox 1190 699 1246 770; x_wconf 88' lang='lat' dir='ltr'>ad</span> <span class='ocrx_word' id='word_1_18' title='bbox 1255 725 1319 771; x_wconf 84' lang='lat' dir='ltr'>as·</span> 
     </span>
     <span class='ocr_line' id='line_1_4' title="bbox 309 809 1318 914; baseline 0 -28"><span class='ocrx_word' id='word_1_19' title='bbox 309 840 444 914; x_wconf 85' lang='lat' dir='ltr'>peram</span> <span class='ocrx_word' id='word_1_20' title='bbox 458 819 635 884; x_wconf 82' lang='lat' dir='ltr'><em>arteriam</em></span> <span class='ocrx_word' id='word_1_21' title='bbox 653 818 690 882; x_wconf 86' lang='lat' dir='ltr'>in</span> <span class='ocrx_word' id='word_1_22' title='bbox 710 809 808 882; x_wconf 85' lang='lat' dir='ltr'>collo</span> <span class='ocrx_word' id='word_1_23' title='bbox 820 819 1044 909; x_wconf 79' lang='lat' dir='ltr'>perveniunt</span> <span class='ocrx_word' id='word_1_24' title='bbox 1054 841 1150 888; x_wconf 84' lang='lat' dir='ltr'>vasa</span> <span class='ocrx_word' id='word_1_25' title='bbox 1160 869 1171 902; x_wconf 87' lang='lat'>,</span> <span class='ocrx_word' id='word_1_26' title='bbox 1189 824 1318 886; x_wconf 83' lang='lat' dir='ltr'>omnia</span> 
     </span>
     <span class='ocr_line' id='line_1_5' title="bbox 311 930 1316 1031; baseline 0.001 -27"><span class='ocrx_word' id='word_1_27' title='bbox 311 930 536 1029; x_wconf 84' lang='lat' dir='ltr'>capillorum</span> <span class='ocrx_word' id='word_1_28' title='bbox 543 931 633 1022; x_wconf 86' lang='lat' dir='ltr'>fere</span> <span class='ocrx_word' id='word_1_29' title='bbox 654 933 811 1026; x_wconf 84' lang='lat' dir='ltr'>speciem</span> <span class='ocrx_word' id='word_1_30' title='bbox 830 931 977 1020; x_wconf 86' lang='lat' dir='ltr'>referre.</span> <span class='ocrx_word' id='word_1_31' title='bbox 996 933 1095 1002; x_wconf 89' lang='lat' dir='ltr'>Num</span> <span class='ocrx_word' id='word_1_32' title='bbox 1118 957 1209 1004; x_wconf 90' lang='lat' dir='ltr'>vero</span> <span class='ocrx_word' id='word_1_33' title='bbox 1224 935 1316 1031; x_wconf 89' lang='lat' dir='ltr'>Hip·</span> 
     </span>
     <span class='ocr_line' id='line_1_6' title="bbox 313 1044 1317 1148; baseline 0.003 -29"><span class='ocrx_word' id='word_1_34' title='bbox 313 1061 485 1148; x_wconf 88' lang='lat' dir='ltr'>pocrates</span> <span class='ocrx_word' id='word_1_35' title='bbox 499 1048 538 1116; x_wconf 92' lang='lat' dir='ltr'>in</span> <span class='ocrx_word' id='word_1_36' title='bbox 558 1071 600 1117; x_wconf 89' lang='lat' dir='ltr'>ea</span> <span class='ocrx_word' id='word_1_37' title='bbox 622 1044 897 1142; x_wconf 89' lang='lat' dir='ltr'>epidemiorum</span> <span class='ocrx_word' id='word_1_38' title='bbox 916 1046 971 1143; x_wconf 84' lang='lat'>(1)</span> <span class='ocrx_word' id='word_1_39' title='bbox 990 1045 1147 1120; x_wconf 87' lang='lat' dir='ltr'>historia</span> <span class='ocrx_word' id='word_1_40' title='bbox 1160 1074 1243 1146; x_wconf 82' lang='lat' dir='ltr'>quae</span> <span class='ocrx_word' id='word_1_41' title='bbox 1263 1051 1317 1123; x_wconf 89' lang='lat' dir='ltr'>sic</span> 
     </span>
     <span class='ocr_line' id='line_1_7' title="bbox 310 1161 1319 1265; baseline 0 -27"><span class='ocrx_word' id='word_1_42' title='bbox 310 1167 457 1265; x_wconf 89' lang='lat' dir='ltr'>incipit:</span> <span class='ocrx_word' id='word_1_43' title='bbox 468 1162 683 1235; x_wconf 77' lang='lat' dir='ltr'>Pherecidae</span> <span class='ocrx_word' id='word_1_44' title='bbox 690 1177 784 1261; x_wconf 85' lang='lat' dir='ltr'>post</span> <span class='ocrx_word' id='word_1_45' title='bbox 790 1161 985 1234; x_wconf 83' lang='lat' dir='ltr'>solstitium</span> <span class='ocrx_word' id='word_1_46' title='bbox 999 1163 1202 1257; x_wconf 76' lang='lat' dir='ltr'>hybernum</span> <span class='ocrx_word' id='word_1_47' title='bbox 1208 1180 1319 1238; x_wconf 86' lang='lat' dir='ltr'>nocte</span> 
     </span>
     <span class='ocr_line' id='line_1_8' title="bbox 311 1277 1325 1381; baseline 0 -27"><span class='ocrx_word' id='word_1_48' title='bbox 311 1283 437 1354; x_wconf 84' lang='lat' dir='ltr'>lateris</span> <span class='ocrx_word' id='word_1_49' title='bbox 454 1280 580 1358; x_wconf 72' lang='lat' dir='ltr'>deutri</span> <span class='ocrx_word' id='word_1_50' title='bbox 595 1277 725 1350; x_wconf 86' lang='lat' dir='ltr'>dolor:</span> <span class='ocrx_word' id='word_1_51' title='bbox 740 1277 877 1351; x_wconf 89' lang='lat' dir='ltr'>desinit</span> <span class='ocrx_word' id='word_1_52' title='bbox 889 1294 1029 1368; x_wconf 87' lang='lat' dir='ltr'>autem,</span> <span class='ocrx_word' id='word_1_53' title='bbox 1042 1295 1085 1353; x_wconf 92' lang='lat' dir='ltr'>ut</span> <span class='ocrx_word' id='word_1_54' title='bbox 1094 1297 1194 1354; x_wconf 87' lang='lat' dir='ltr'>recte</span> <span class='ocrx_word' id='word_1_55' title='bbox 1205 1281 1325 1381; x_wconf 77' lang='lat' dir='ltr'>agno&#39;</span> 
     </span>
     <span class='ocr_line' id='line_1_9' title="bbox 309 1393 1317 1491; baseline 0.003 -22"><span class='ocrx_word' id='word_1_56' title='bbox 309 1399 363 1470; x_wconf 88' lang='lat' dir='ltr'>vit</span> <span class='ocrx_word' id='word_1_57' title='bbox 374 1397 557 1472; x_wconf 87' lang='lat' dir='ltr'>Vallesius</span> <span class='ocrx_word' id='word_1_58' title='bbox 570 1396 585 1455; x_wconf 71' lang='lat' dir='ltr'><em>f</em></span> <span class='ocrx_word' id='word_1_59' title='bbox 590 1399 649 1491; x_wconf 84' lang='lat'>2),</span> <span class='ocrx_word' id='word_1_60' title='bbox 666 1397 705 1464; x_wconf 92' lang='lat' dir='ltr'>in</span> <span class='ocrx_word' id='word_1_61' title='bbox 720 1395 779 1466; x_wconf 92' lang='lat' dir='ltr'>his</span> <span class='ocrx_word' id='word_1_62' title='bbox 799 1393 941 1485; x_wconf 88' lang='lat' dir='ltr'>verbis,</span> <span class='ocrx_word' id='word_1_63' title='bbox 959 1412 1047 1468; x_wconf 86' lang='lat' dir='ltr'>ante</span> <span class='ocrx_word' id='word_1_64' title='bbox 1064 1413 1219 1470; x_wconf 84' lang='lat' dir='ltr'>mortem</span> <span class='ocrx_word' id='word_1_65' title='bbox 1238 1415 1317 1472; x_wconf 81' lang='lat' dir='ltr'>tus-</span> 
     </span>
     <span class='ocr_line' id='line_1_10' title="bbox 277 1495 1414 1618; baseline -0.001 -31"><span class='ocrx_word' id='word_1_66' title='bbox 277 1543 279 1556; x_wconf 60' lang='lat'><em>*</em></span> <span class='ocrx_word' id='word_1_67' title='bbox 308 1514 438 1588; x_wconf 73' lang='lat' dir='ltr'>stando</span> <span class='ocrx_word' id='word_1_68' title='bbox 451 1516 585 1610; x_wconf 44' lang='lat' dir='ltr'>,rejecit</span> <span class='ocrx_word' id='word_1_69' title='bbox 600 1512 706 1584; x_wconf 83' lang='lat' dir='ltr'>velut</span> <span class='ocrx_word' id='word_1_70' title='bbox 722 1537 771 1582; x_wconf 82' lang='lat' dir='ltr'>ex</span> <span class='ocrx_word' id='word_1_71' title='bbox 788 1536 896 1583; x_wconf 86' lang='lat' dir='ltr'>muco</span> <span class='ocrx_word' id='word_1_72' title='bbox 911 1495 1056 1611; x_wconf 78' lang='lat' dir='ltr'>fungos</span> <span class='ocrx_word' id='word_1_73' title='bbox 1077 1531 1316 1614; x_wconf 81' lang='lat' dir='ltr'>compactos:</span> <span class='ocrx_word' id='word_1_74' title='bbox 1413 1611 1414 1618; x_wconf 6' lang='grc' dir='ltr'>ἵ</span> 
     </span>
     <span class='ocr_line' id='line_1_11' title="bbox 312 1631 1316 1728; baseline 0.003 -25"><span class='ocrx_word' id='word_1_75' title='bbox 312 1645 512 1703; x_wconf 77' lang='lat' dir='ltr'>excrearat</span> <span class='ocrx_word' id='word_1_76' title='bbox 521 1645 647 1701; x_wconf 88' lang='lat' dir='ltr'>autem</span> <span class='ocrx_word' id='word_1_77' title='bbox 660 1643 944 1728; x_wconf 74' lang='lat' dir='ltr'>etanteoparoo</span> <span class='ocrx_word' id='word_1_78' title='bbox 956 1631 1046 1704; x_wconf 84' lang='lat' dir='ltr'>alba</span> <span class='ocrx_word' id='word_1_79' title='bbox 1055 1631 1194 1720; x_wconf 85' lang='lat' dir='ltr'>lactea,</span> <span class='ocrx_word' id='word_1_80' title='bbox 1208 1657 1316 1723; x_wconf 90' lang='lat' dir='ltr'>num,</span> 
     </span>
     <span class='ocr_line' id='line_1_12' title="bbox 309 1744 1317 1848; baseline 0.005 -30"><span class='ocrx_word' id='word_1_81' title='bbox 309 1749 484 1845; x_wconf 86' lang='lat' dir='ltr'>inquam,</span> <span class='ocrx_word' id='word_1_82' title='bbox 502 1745 562 1818; x_wconf 92' lang='lat' dir='ltr'>his</span> <span class='ocrx_word' id='word_1_83' title='bbox 578 1746 671 1845; x_wconf 89' lang='lat' dir='ltr'>ipsis</span> <span class='ocrx_word' id='word_1_84' title='bbox 686 1744 814 1818; x_wconf 88' lang='lat' dir='ltr'>verbis</span> <span class='ocrx_word' id='word_1_85' title='bbox 827 1749 1086 1820; x_wconf 87' lang='lat' dir='ltr'>concretiones</span> <span class='ocrx_word' id='word_1_86' title='bbox 1101 1749 1147 1820; x_wconf 92' lang='lat' dir='ltr'>de</span> <span class='ocrx_word' id='word_1_87' title='bbox 1162 1749 1236 1822; x_wconf 92' lang='lat' dir='ltr'>hoc</span> <span class='ocrx_word' id='word_1_88' title='bbox 1249 1774 1317 1848; x_wconf 86' lang='lat' dir='ltr'>ge-</span> 
     </span>
     <span class='ocr_line' id='line_1_13' title="bbox 307 1861 1315 1950; baseline 0.003 -14"><span class='ocrx_word' id='word_1_89' title='bbox 307 1889 399 1938; x_wconf 85' lang='lat' dir='ltr'>nere</span> <span class='ocrx_word' id='word_1_90' title='bbox 423 1863 660 1950; x_wconf 83' lang='lat' dir='ltr'>indicavetit,</span> <span class='ocrx_word' id='word_1_91' title='bbox 691 1887 738 1934; x_wconf 92' lang='lat' dir='ltr'>eo</span> <span class='ocrx_word' id='word_1_92' title='bbox 764 1861 941 1938; x_wconf 88' lang='lat' dir='ltr'>libentius</span> <span class='ocrx_word' id='word_1_93' title='bbox 970 1866 1010 1936; x_wconf 89' lang='lat' dir='ltr'>in</span> <span class='ocrx_word' id='word_1_94' title='bbox 1042 1865 1167 1938; x_wconf 92' lang='lat' dir='ltr'>medio</span> <span class='ocrx_word' id='word_1_95' title='bbox 1200 1867 1315 1940; x_wconf 89' lang='lat' dir='ltr'>relin-</span> 
     </span>
     <span class='ocr_line' id='line_1_14' title="bbox 308 1979 1315 2080; baseline 0.005 -27"><span class='ocrx_word' id='word_1_96' title='bbox 308 2006 440 2080; x_wconf 85' lang='lat' dir='ltr'>quam,</span> <span class='ocrx_word' id='word_1_97' title='bbox 459 1979 565 2078; x_wconf 92' lang='lat' dir='ltr'>quod</span> <span class='ocrx_word' id='word_1_98' title='bbox 579 1979 773 2052; x_wconf 83' lang='lat' dir='ltr'>historiam</span> <span class='ocrx_word' id='word_1_99' title='bbox 784 1980 886 2052; x_wconf 88' lang='lat' dir='ltr'>illam</span> <span class='ocrx_word' id='word_1_100' title='bbox 899 1980 1001 2054; x_wconf 88' lang='lat' dir='ltr'>idem</span> <span class='ocrx_word' id='word_1_101' title='bbox 1017 1983 1315 2058; x_wconf 88' lang='lat' dir='ltr'>consultissimus</span> 
     </span>
     <span class='ocr_line' id='line_1_15' title="bbox 306 2097 1314 2196; baseline 0.007 -27"><span class='ocrx_word' id='word_1_102' title='bbox 306 2101 494 2196; x_wconf 88' lang='lat' dir='ltr'>interpres</span> <span class='ocrx_word' id='word_1_103' title='bbox 509 2103 684 2170; x_wconf 82' lang='lat' dir='ltr'>vitiatam</span> <span class='ocrx_word' id='word_1_104' title='bbox 700 2121 775 2168; x_wconf 84' lang='lat' dir='ltr'>esse</span> <span class='ocrx_word' id='word_1_105' title='bbox 789 2097 892 2169; x_wconf 85' lang='lat' dir='ltr'>mille</span> <span class='ocrx_word' id='word_1_106' title='bbox 904 2097 1025 2170; x_wconf 87' lang='lat' dir='ltr'>modis</span> <span class='ocrx_word' id='word_1_107' title='bbox 1048 2125 1128 2172; x_wconf 91' lang='lat' dir='ltr'>non</span> <span class='ocrx_word' id='word_1_108' title='bbox 1145 2101 1314 2194; x_wconf 90' lang='lat' dir='ltr'>dubitat,</span> 
     </span>
     <span class='ocr_line' id='line_1_16' title="bbox 310 2215 1314 2318; baseline 0.006 -34"><span class='ocrx_word' id='word_1_109' title='bbox 310 2215 428 2312; x_wconf 84' lang='lat' dir='ltr'>idque</span> <span class='ocrx_word' id='word_1_110' title='bbox 449 2217 496 2286; x_wconf 89' lang='lat' dir='ltr'>ob</span> <span class='ocrx_word' id='word_1_111' title='bbox 514 2227 751 2302; x_wconf 84' lang='lat' dir='ltr'>vetustatem,</span> <span class='ocrx_word' id='word_1_112' title='bbox 781 2229 816 2284; x_wconf 86' lang='lat' dir='ltr'>et</span> <span class='ocrx_word' id='word_1_113' title='bbox 839 2215 1007 2288; x_wconf 86' lang='lat' dir='ltr'>codicum</span> <span class='ocrx_word' id='word_1_114' title='bbox 1028 2226 1314 2318; x_wconf 84' lang='lat' dir='ltr'>corruptionem.</span> 
     </span>
     <span class='ocr_line' id='line_1_17' title="bbox 307 2331 1315 2435; baseline 0.006 -33"><span class='ocrx_word' id='word_1_115' title='bbox 307 2331 408 2404; x_wconf 92' lang='lat' dir='ltr'>Illud</span> <span class='ocrx_word' id='word_1_116' title='bbox 428 2331 513 2404; x_wconf 88' lang='lat' dir='ltr'>satis</span> <span class='ocrx_word' id='word_1_117' title='bbox 529 2344 604 2416; x_wconf 89' lang='lat' dir='ltr'>est,</span> <span class='ocrx_word' id='word_1_118' title='bbox 621 2355 666 2400; x_wconf 84' lang='lat' dir='ltr'>ex</span> <span class='ocrx_word' id='word_1_119' title='bbox 678 2331 723 2401; x_wconf 89' lang='lat' dir='ltr'>iis</span> <span class='ocrx_word' id='word_1_120' title='bbox 738 2355 820 2428; x_wconf 86' lang='lat' dir='ltr'>quae</span> <span class='ocrx_word' id='word_1_121' title='bbox 832 2331 940 2422; x_wconf 85' lang='lat' dir='ltr'>dixit,</span> <span class='ocrx_word' id='word_1_122' title='bbox 955 2334 1112 2435; x_wconf 83' lang='lat' dir='ltr'>intelligi</span> <span class='ocrx_word' id='word_1_123' title='bbox 1123 2361 1249 2434; x_wconf 94' lang='lat' dir='ltr'>posse,</span> <span class='ocrx_word' id='word_1_124' title='bbox 1268 2361 1315 2409; x_wconf 86' lang='lat' dir='ltr'>ex</span> 
     </span>
     <span class='ocr_line' id='line_1_18' title="bbox 308 2447 1413 2548; baseline 0.006 -28"><span class='ocrx_word' id='word_1_125' title='bbox 308 2449 495 2548; x_wconf 87' lang='lat' dir='ltr'>polyposo</span> <span class='ocrx_word' id='word_1_126' title='bbox 512 2447 588 2520; x_wconf 91' lang='lat' dir='ltr'>sive</span> <span class='ocrx_word' id='word_1_127' title='bbox 606 2448 805 2544; x_wconf 84' lang='lat' dir='ltr'>sanguine,</span> <span class='ocrx_word' id='word_1_128' title='bbox 830 2463 873 2520; x_wconf 90' lang='lat' dir='ltr'>ut</span> <span class='ocrx_word' id='word_1_129' title='bbox 896 2450 937 2521; x_wconf 89' lang='lat' dir='ltr'>in</span> <span class='ocrx_word' id='word_1_130' title='bbox 958 2466 1088 2543; x_wconf 87' lang='lat' dir='ltr'>utero,</span> <span class='ocrx_word' id='word_1_131' title='bbox 1105 2455 1180 2526; x_wconf 88' lang='lat' dir='ltr'>sive</span> <span class='ocrx_word' id='word_1_132' title='bbox 1199 2455 1313 2528; x_wconf 89' lang='lat' dir='ltr'>etiam</span> <span class='ocrx_word' id='word_1_133' title='bbox 1412 2473 1413 2516; x_wconf 70' lang='lat' dir='ltr'>f</span> 
     </span>
     <span class='ocr_line' id='line_1_19' title="bbox 305 2565 1315 2667; baseline 0.004 -27"><span class='ocrx_word' id='word_1_134' title='bbox 305 2590 415 2655; x_wconf 86' lang='lat' dir='ltr'>sero,</span> <span class='ocrx_word' id='word_1_135' title='bbox 434 2579 478 2636; x_wconf 88' lang='lat' dir='ltr'>ut</span> <span class='ocrx_word' id='word_1_136' title='bbox 492 2565 532 2634; x_wconf 88' lang='lat' dir='ltr'>in</span> <span class='ocrx_word' id='word_1_137' title='bbox 553 2565 753 2654; x_wconf 88' lang='lat' dir='ltr'>intestinis,</span> <span class='ocrx_word' id='word_1_138' title='bbox 772 2566 812 2636; x_wconf 90' lang='lat' dir='ltr'>in</span> <span class='ocrx_word' id='word_1_139' title='bbox 831 2565 1020 2640; x_wconf 87' lang='lat' dir='ltr'>bronchia</span> <span class='ocrx_word' id='word_1_140' title='bbox 1036 2571 1181 2667; x_wconf 82' lang='lat' dir='ltr'>eject0,</span> <span class='ocrx_word' id='word_1_141' title='bbox 1207 2596 1315 2644; x_wconf 88' lang='lat' dir='ltr'>mora</span> 
     </span>
     <span class='ocr_line' id='line_1_20' title="bbox 305 2679 1312 2780; baseline 0.008 -26"><span class='ocrx_word' id='word_1_142' title='bbox 305 2682 388 2754; x_wconf 86' lang='lat' dir='ltr'>fieri</span> <span class='ocrx_word' id='word_1_143' title='bbox 401 2679 443 2752; x_wconf 66' lang='lat' dir='ltr'>&#39;in</span> <span class='ocrx_word' id='word_1_144' title='bbox 463 2705 597 2754; x_wconf 90' lang='lat' dir='ltr'>eorum</span> <span class='ocrx_word' id='word_1_145' title='bbox 616 2682 714 2753; x_wconf 89' lang='lat' dir='ltr'>cavis</span> <span class='ocrx_word' id='word_1_146' title='bbox 733 2682 917 2778; x_wconf 87' lang='lat' dir='ltr'>ejusmodi</span> <span class='ocrx_word' id='word_1_147' title='bbox 937 2689 1206 2762; x_wconf 88' lang='lat' dir='ltr'>concretiones.</span> <span class='ocrx_word' id='word_1_148' title='bbox 1224 2691 1312 2780; x_wconf 88' lang='lat' dir='ltr'>Quo</span> 
     </span>
     <span class='ocr_line' id='line_1_21' title="bbox 305 2796 1315 2902; baseline 0.008 -30"><span class='ocrx_word' id='word_1_149' title='bbox 305 2801 449 2899; x_wconf 91' lang='lat' dir='ltr'>posito,</span> <span class='ocrx_word' id='word_1_150' title='bbox 468 2796 570 2871; x_wconf 89' lang='lat' dir='ltr'>aliud</span> <span class='ocrx_word' id='word_1_151' title='bbox 593 2823 746 2897; x_wconf 89' lang='lat' dir='ltr'>quoque</span> <span class='ocrx_word' id='word_1_152' title='bbox 768 2799 926 2901; x_wconf 83' lang='lat' dir='ltr'>intelligi</span> <span class='ocrx_word' id='word_1_153' title='bbox 943 2827 1053 2902; x_wconf 87' lang='lat' dir='ltr'>posse</span> <span class='ocrx_word' id='word_1_154' title='bbox 1074 2829 1221 2894; x_wconf 87' lang='lat' dir='ltr'>censeo,</span> <span class='ocrx_word' id='word_1_155' title='bbox 1237 2806 1315 2880; x_wconf 88' lang='lat' dir='ltr'>hoc</span> 
     </span>
     <span class='ocr_line' id='line_1_22' title="bbox 306 2913 1314 3024; baseline 0.008 -34"><span class='ocrx_word' id='word_1_156' title='bbox 306 2932 362 2990; x_wconf 93' lang='lat' dir='ltr'>est</span> <span class='ocrx_word' id='word_1_157' title='bbox 389 2915 491 2988; x_wconf 89' lang='lat' dir='ltr'>unde</span> <span class='ocrx_word' id='word_1_158' title='bbox 515 2913 599 3004; x_wconf 88' lang='lat' dir='ltr'>fiat,</span> <span class='ocrx_word' id='word_1_159' title='bbox 626 2929 669 2986; x_wconf 93' lang='lat' dir='ltr'>ut</span> <span class='ocrx_word' id='word_1_160' title='bbox 691 2917 841 3013; x_wconf 90' lang='lat' dir='ltr'>penitus</span> <span class='ocrx_word' id='word_1_161' title='bbox 867 2918 1086 2994; x_wconf 88' lang='lat' dir='ltr'>inflammati</span> <span class='ocrx_word' id='word_1_162' title='bbox 1120 2924 1314 3024; x_wconf 86' lang='lat' dir='ltr'>pulmonis</span> 
     </span>
     <span class='ocr_line' id='line_1_23' title="bbox 305 3033 1312 3133; baseline 0.007 -26"><span class='ocrx_word' id='word_1_163' title='bbox 305 3033 512 3108; x_wconf 88' lang='lat' dir='ltr'>substantia</span> <span class='ocrx_word' id='word_1_164' title='bbox 540 3033 749 3130; x_wconf 81' lang='lat' dir='ltr'>hepaticam</span> <span class='ocrx_word' id='word_1_165' title='bbox 782 3053 1031 3133; x_wconf 87' lang='lat' dir='ltr'>repraesentet.</span> <span class='ocrx_word' id='word_1_166' title='bbox 1066 3041 1212 3114; x_wconf 90' lang='lat' dir='ltr'>Scilicet</span> <span class='ocrx_word' id='word_1_167' title='bbox 1243 3041 1312 3114; x_wconf 89' lang='lat' dir='ltr'>ubi</span> 
     </span>
     <span class='ocr_line' id='line_1_24' title="bbox 305 3149 1311 3250; baseline 0.007 -26"><span class='ocrx_word' id='word_1_168' title='bbox 305 3176 384 3225; x_wconf 85' lang='lat' dir='ltr'>non</span> <span class='ocrx_word' id='word_1_169' title='bbox 403 3151 522 3223; x_wconf 90' lang='lat' dir='ltr'>solum</span> <span class='ocrx_word' id='word_1_170' title='bbox 538 3173 625 3222; x_wconf 88' lang='lat' dir='ltr'>vasa</span> <span class='ocrx_word' id='word_1_171' title='bbox 644 3149 870 3250; x_wconf 84' lang='lat' dir='ltr'>sanguifera,</span> <span class='ocrx_word' id='word_1_172' title='bbox 889 3155 954 3227; x_wconf 91' lang='lat' dir='ltr'>sed</span> <span class='ocrx_word' id='word_1_173' title='bbox 972 3171 1010 3227; x_wconf 91' lang='lat' dir='ltr'>et</span> <span class='ocrx_word' id='word_1_174' title='bbox 1033 3156 1311 3230; x_wconf 88' lang='lat' dir='ltr'>bronchiorum</span> 
     </span>
     <span class='ocr_line' id='line_1_25' title="bbox 304 3267 1335 3373; baseline 0.011 -33"><span class='ocrx_word' id='word_1_175' title='bbox 304 3270 400 3340; x_wconf 88' lang='lat' dir='ltr'>rami</span> <span class='ocrx_word' id='word_1_176' title='bbox 426 3267 637 3364; x_wconf 89' lang='lat' dir='ltr'>ramulique</span> <span class='ocrx_word' id='word_1_177' title='bbox 655 3292 787 3342; x_wconf 87' lang='lat' dir='ltr'>omnes</span> <span class='ocrx_word' id='word_1_178' title='bbox 814 3271 862 3342; x_wconf 90' lang='lat' dir='ltr'>ad</span> <span class='ocrx_word' id='word_1_179' title='bbox 892 3272 1094 3370; x_wconf 89' lang='lat' dir='ltr'>quamdam</span> <span class='ocrx_word' id='word_1_180' title='bbox 1119 3276 1335 3373; x_wconf 89' lang='lat' dir='ltr'>pulmonis·</span> 
     </span>
     <span class='ocr_line' id='line_1_26' title="bbox 305 3385 1412 3482; baseline 0.008 -24"><span class='ocrx_word' id='word_1_181' title='bbox 305 3385 432 3458; x_wconf 89' lang='lat' dir='ltr'>sedem</span> <span class='ocrx_word' id='word_1_182' title='bbox 459 3385 712 3482; x_wconf 85' lang='lat' dir='ltr'>pertinentes,</span> <span class='ocrx_word' id='word_1_183' title='bbox 739 3388 776 3458; x_wconf 87' lang='lat' dir='ltr'>et</span> <span class='ocrx_word' id='word_1_184' title='bbox 799 3411 885 3458; x_wconf 91' lang='lat' dir='ltr'>cum</span> <span class='ocrx_word' id='word_1_185' title='bbox 903 3389 962 3462; x_wconf 93' lang='lat' dir='ltr'>his</span> <span class='ocrx_word' id='word_1_186' title='bbox 989 3394 1313 3468; x_wconf 87' lang='lat' dir='ltr'>communicantes</span> <span class='ocrx_word' id='word_1_187' title='bbox 1411 3393 1412 3410; x_wconf 58' lang='lat'>¹</span> 
     </span>
     <span class='ocr_line' id='line_1_27' title="bbox 302 3502 1311 3610; baseline 0.01 -36"><span class='ocrx_word' id='word_1_188' title='bbox 302 3503 471 3575; x_wconf 82' lang='lat' dir='ltr'>vesiculae</span> <span class='ocrx_word' id='word_1_189' title='bbox 491 3502 682 3600; x_wconf 91' lang='lat' dir='ltr'>polyposis</span> <span class='ocrx_word' id='word_1_190' title='bbox 702 3507 1008 3581; x_wconf 86' lang='lat' dir='ltr'>concretionibus</span> <span class='ocrx_word' id='word_1_191' title='bbox 1031 3507 1213 3607; x_wconf 80' lang='lat' dir='ltr'>infarctae,</span> <span class='ocrx_word' id='word_1_192' title='bbox 1240 3537 1311 3610; x_wconf 91' lang='lat' dir='ltr'>op·</span> 
     </span>
     <span class='ocr_line' id='line_1_28' title="bbox 303 3618 1308 3720; baseline 0.011 -27"><span class='ocrx_word' id='word_1_193' title='bbox 303 3621 488 3720; x_wconf 86' lang='lat' dir='ltr'>pletaeque</span> <span class='ocrx_word' id='word_1_194' title='bbox 519 3633 624 3703; x_wconf 83' lang='lat' dir='ltr'>sunt,</span> <span class='ocrx_word' id='word_1_195' title='bbox 649 3618 702 3690; x_wconf 93' lang='lat' dir='ltr'>ibi</span> <span class='ocrx_word' id='word_1_196' title='bbox 727 3621 900 3720; x_wconf 91' lang='lat' dir='ltr'>pulmoni</span> <span class='ocrx_word' id='word_1_197' title='bbox 922 3624 962 3695; x_wconf 91' lang='lat' dir='ltr'>id</span> <span class='ocrx_word' id='word_1_198' title='bbox 983 3627 1125 3700; x_wconf 89' lang='lat' dir='ltr'>accidat</span> <span class='ocrx_word' id='word_1_199' title='bbox 1155 3653 1308 3704; x_wconf 88' lang='lat' dir='ltr'>necesse</span> 
     </span>
    </p>
   </div>
   <div class='ocr_carea' id='block_1_3' title="bbox 284 3902 887 4083">
    <p class='ocr_par' dir='ltr' id='par_1_3' title="bbox 284 3902 887 4083">
     <span class='ocr_line' id='line_1_29' title="bbox 357 3905 482 3960; baseline -0.024 0"><span class='ocrx_word' id='word_1_200' title='bbox 357 3924 369 3960; x_wconf 90' lang='lat'>1</span> <span class='ocrx_word' id='word_1_201' title='bbox 405 3905 439 3959; x_wconf 87' lang='lat' dir='ltr'>L.</span> <span class='ocrx_word' id='word_1_202' title='bbox 475 3942 482 3957; x_wconf 89' lang='lat'>.</span> 
     </span>
     <span class='ocr_line' id='line_1_30' title="bbox 284 3902 887 4083; baseline -0.008 -19"><span class='ocrx_word' id='word_1_203' title='bbox 284 3975 286 3980; x_wconf 17' lang='grc' dir='ltr'>ι</span> <span class='ocrx_word' id='word_1_204' title='bbox 340 3902 386 4083; x_wconf 56' lang='lat' dir='ltr'>{a}</span> <span class='ocrx_word' id='word_1_205' title='bbox 406 3921 571 4063; x_wconf 67' lang='lat' dir='ltr'>coliment-</span> <span class='ocrx_word' id='word_1_206' title='bbox 585 3999 617 4058; x_wconf 87' lang='lat' dir='ltr'>in</span> <span class='ocrx_word' id='word_1_207' title='bbox 630 4001 728 4060; x_wconf 78' lang='lat' dir='ltr'>eumd.</span> <span class='ocrx_word' id='word_1_208' title='bbox 741 4003 762 4059; x_wconf 93' lang='lat' dir='ltr'>l.</span> <span class='ocrx_word' id='word_1_209' title='bbox 774 4021 805 4059; x_wconf 88' lang='lat' dir='ltr'>n.</span> <span class='ocrx_word' id='word_1_210' title='bbox 819 4002 866 4064; x_wconf 75' lang='lat'>82.</span> <span class='ocrx_word' id='word_1_211' title='bbox 883 4051 887 4060; x_wconf 89' lang='lat'><strong>.</strong></span> 
     </span>
    </p>
   </div>
   <div class='ocr_carea' id='block_1_4' title="bbox 543 4185 567 4222">
    <p class='ocr_par' dir='ltr' id='par_1_4' title="bbox 543 4185 567 4222">
     <span class='ocr_line' id='line_1_31' title="bbox 543 4185 567 4222; baseline 0 0"><span class='ocrx_word' id='word_1_212' title='bbox 543 4185 567 4222; x_wconf 63' lang='grc' dir='ltr'><strong><em>Ὗ</em></strong></span> 
     </span>
    </p>
   </div>
   <div class='ocr_carea' id='block_1_5' title="bbox 0 0 1430 4668">
    <p class='ocr_par' dir='ltr' id='par_1_5' title="bbox 0 0 1430 4668">
     <span class='ocr_line' id='line_1_32' title="bbox 0 0 1430 4668; baseline 0 2"><span class='ocrx_word' id='word_1_213' title='bbox 0 0 1430 4668; x_wconf 95' lang='lat' dir='ltr'> </span> 
     </span>
    </p>
   </div>
  </div>
 </body>
</html>
