2808 4664
287 427 357 499 230
454 447 500 492 or
527 446 672 495 sanutus
696 447 740 492 nr
764 444 889 492 oansrs
915 445 1125 496 noaronura

286 561 435 662 gustiiS,
459 557 653 656 pulsibus,
680 558 922 655 palpitatione
942 559 1048 630 nihil.
1080 561 1139 630 Sic
1161 563 1299 656 etiam

287 695 328 753 ut
349 677 394 750 ad
411 676 640 751 recentiores
651 677 717 772 qui
727 675 980 772 pericardiurn
997 676 1176 748 viderunt
1189 679 1298 764 cordi

285 795 495 880 adhaerens,
510 808 759 878 transeamus,
778 807 815 864 et
835 792 1296 890 Meckreniit1)0bserva-

162 961 164 964 -
285 917 445 1000 tionem,
471 913 510 982 in
529 935 603 1008 qua
622 909 769 982 nullum
798 924 924 982 tamen
951 909 997 984 de
1028 912 1296 1009 palpitatione,

288 1047 351 1107 aut
368 1030 497 1130 pulsus
515 1029 790 1104 intermissione
810 1027 987 1116 verbum,
1004 1027 1054 1100 ob
1071 1029 1296 1124 adjunctum

291 1150 415 1222 cordis
438 1147 571 1218 vulnus
590 1147 935 1245 praetermittamus5
961 1149 1141 1218 Lowerus
1154 1146 1214 1242 (a)
1231 1149 1296 1220 etsi

263 1268 376 1366 'quae
411 1257 510 1338 mala
532 1265 789 1364 praecesserint
822 1262 1021 1360 diligenter
1051 1265 1296 1361 conscripsit,

291 1399 328 1456 et
351 1387 391 1454 in
410 1385 455 1462 iis
472 1382 681 1457 admotum
703 1387 865 1477 quemvis
883 1379 1184 1467 antelucanam,
1213 1381 1297 1478 pul-

293 1525 374 1574 sum
385 1525 548 1598 parvum
563 1515 601 1570 et
619 1503 934 1586 intermittentem,
954 1498 1127 1572 dolorem
1144 1523 1230 1573 cum
1251 1505 1298 1568 in-

291 1615 833 1716 sr'gnigratemr'nepraecordia
843 1618 1297 1707 infestantem,eterebras

292 1735 551 1834 Iipothymiasr
574 1734 621 1806 de
644 1734 887 1832 palpitatione
913 1748 1039 1807 tamen
1068 1759 1115 1809 ne
1137 1735 1295 1809 verbum

292 1853 445 1951 quidem
467 1853 664 1950 interjecit.
682 1856 843 1948 Peyerus
861 1865 984 1925 autem
1002 1850 1056 1948 (3)
1081 1851 1128 1926 de
1146 1851 1194 1926 iis
1217 1877 1295 1948 qua

292 1985 567 2045 antecesserant
583 1969 692 2052 duas,
709 1993 838 2056 secum
855 1993 876 2041 a
891 1966 1071 2066 prfero
1084 1970 1295 2048 communi-

294 2102 407 2175 catas,
431 2087 686 2172 directiones,
707 2081 809 2159 aliud
829 2109 908 2164 nou
934 2085 1089 2173 indicat,
1106 2086 1179 2161 nisi
1198 2111 1295 2182 pre-

295 2204 508 2276 cordr'orum
529 2209 759 2276 anxietatem
777 2203 817 2274 in
842 2201 959 2276 altero
977 2201 1159 2276 duntaxat
1176 2227 1295 2300 aegro,

295 2323 363 2418 qui
379 2345 572 2417 nunquam
601 2325 674 2390 nisi
686 2343 835 2421 pronus
854 2323 893 2393 in
911 2343 1036 2416 genua
1050 2320 1293 2418 provolutus,
1358 2367 1362 2376 ι

295 2451 332 2508 et
345 2437 475 2508 enbitis
488 2435 954 2527 suffultus,dormire‚imo
967 2443 1152 2536 respirate
1161 2435 1295 2511 valuit.

296 2554 515 2651 Stalpartius
530 2577 619 2626 vero
630 2552 685 2649 (Δ)
695 2578 742 2626 ne
760 2553 861 2628 illam
875 2553 1049 2650 quidem,
1059 2567 1206 2629 tanturn
1218 2578 1299 2624 con·

294 2676 439 2743 tinctam
451 2671 660 2768 lentumque
666 2672 835 2762 fhbrem,
846 2693 888 2743 ae
905 2676 1115 2768 tussimque
1125 2671 1298 2766 ejicieba-

294 2800 357 2859 tur
367 2785 572 2884 plurimum
585 2793 784 2884 sanguinis.
805 2787 876 2858 Sed
889 2785 1116 2885 Malpighius
1130 2785 1186 2886 (5)
1202 2787 1298 2862 nihil

295 2906 452 2978 omnino
470 2920 654 2979 memorat
672 2929 804 2988 eorum
822 2929 906 3002 quae
923 2905 1136 2992 Laudinum
1160 2903 1299 2979 afflixe-

294 3038 395 3094 runt.
414 3020 769 3122 Adseputchretum
785 3035 966 3095 autemut
985 3021 1158 3108 redeant,
1178 3045 1297 3117 eaque

293 3136 357 3213 hic
371 3140 543 3236 colligam
559 3165 640 3236 quse
650 3136 758 3222 facile
767 3153 925 3238 possunt
936 3153 1145 3236 quaerentes
1154 3135 1297 3235 fugere,

296 3277 382 3331 cum
394 3257 576 3331 sintextra
584 3255 682 3330 hanc
695 3258 897 3336 sectionem
906 3280 975 3356 per
984 3255 1073 3329 alias
1085 3269 1199 3352 atque
1208 3255 1295 3328 alias

334 3573 362 3652 (r
398 3576 470 3632 obs.
484 3577 562 3633 med.
577 3573 651 3634 ehir.
663 3599 689 3637 e.
704 3579 751 3646 35.
