2816 4668
309 457 380 558 396
475 483 522 530 nr
548 480 694 530 scurrus
718 482 762 528 nr
788 479 913 528 causis
938 478 1147 527 nonnonun

308 622 384 696 quc
401 594 642 680 medullaris,
666 610 703 668 ct
729 587 876 668 c'erehri
895 595 1125 692 pracsertim,
1151 593 1285 666 naturali

308 729 388 788 erat
403 712 657 786 firmitudine:
671 714 711 784 iu
728 711 800 802 hac
812 726 936 784 autem
949 709 1286 810 sanguileravascula

305 833 445 932 passim
462 832 683 929 conspicua:
698 813 781 928 ‹juae
792 845 829 902 et
839 830 878 900 iu
889 831 997 901 tenui
1007 831 1181 928 meninge
1194 829 1247 898 hie
1257 827 1287 897 il·

306 951 356 1024 lic
374 951 556 1048 sanguine
577 949 766 1046 turgentia
787 945 1064 1021 adnotaveram.
1082 949 1226 1020 Arteria
1242 969 1287 1017 ca·
1361 965 1362 972 ’

304 1067 448 1140 rotides
456 1065 503 1138 ad
512 1065 658 1138 cerebri
668 1064 787 1138 basim
803 1064 994 1155 duriores;
1005 1090 1074 1139 nec
1086 1063 1287 1136 minuebasi·

305 1186 406 1258 laris.
433 1185 534 1275 Quin
553 1183 632 1254 haec
654 1184 753 1254 circa
773 1207 848 1256 suae
871 1183 1122 1282 longitudinis
1147 1182 1286 1254 medium

306 1326 393 1374 cum
408 1326 453 1371 ex
471 1300 558 1372 albo
567 1299 800 1389 flavesceret,
813 1315 941 1399 aperta
955 1293 1179 1399 inaequalem
1193 1314 1286 1372 osten·

305 1416 361 1490 dit
391 1416 654 1516 superficiem
673 1433 715 1490 ut
741 1434 938 1517 appareret
965 1421 1120 1508 vitium,
1147 1415 1286 1516 quodiu
1362 1475 1363 1486 ,

303 1550 407 1608 aorta
426 1535 474 1606 ad
494 1537 600 1607 initia
620 1536 861 1633 superiorum
875 1558 1072 1612 ramorum
1087 1534 1286 1620 videramus,
1362 1525 1363 1536 ¹

301 1678 373 1754 per
384 1653 523 1726 horum
534 1653 680 1751 aliquos
697 1677 776 1726 esse
791 1655 890 1725 intra
909 1655 1080 1728 cranium
1097 1674 1287 1751 usqucpro

301 1788 494 1872 pagatum.
511 1773 684 1870 Denique
701 1772 891 1871 pituitaria
904 1773 1081 1870 glandula
1092 1797 1172 1843 non
1191 1770 1286 1841 solun

302 1889 522 1964 subsederat
537 1905 674 1989 praeter
688 1889 869 1980 modnm3
888 1891 955 1964 sed
981 1889 1077 1962 nihil
1096 1888 1210 1964 ferme
1219 1886 1286 1960 sut

302 2010 444 2082 stantiae
460 2007 624 2107 amplius
636 2008 868 2080 continebat.

356 2153 409 2200 11.
430 2133 526 2200 Cum
546 2141 703 2226 propter
721 2141 834 2198 aortae
852 2141 889 2198 et
910 2126 1150 2224 pulmonaris
1172 2121 1286 2197 arteria

302 2244 559 2317 dilatationem
571 2242 779 2340 majoribus
792 2242 938 2316 viribus
950 2267 1016 2315 cor
1031 2257 1171 2342 egeret,
1182 2257 1285 2314 utsan·

301 2364 456 2462 guinem
480 2387 545 2452 eo,
566 2387 666 2460 quo,
684 2362 758 2434 illis
778 2360 1067 2459 adjuvantibus,
1088 2361 1200 2450 solet,
1217 2380 1286 2457 pro·

300 2479 490 2569 truderet,
507 2504 557 2550 cae
574 2495 699 2551 autern
710 2483 827 2568 vires,
844 2479 1039 2552 canalibus
1056 2481 1125 2577 qui
1138 2479 1236 2550 illum
1249 2471 1282 2544 ad

302 2597 502 2670 cerebrum
522 2597 780 2670 conveherent
798 2598 956 2686 vitiatis,
971 2595 1032 2670 vel
1052 2597 1165 2670 solito
1189 2603 1286 2670 essent

302 2717 493 2806 minores;
515 2715 626 2801 hinc,
659 2717 818 2814 opinor,
851 2739 919 2788 cor
950 2716 1082 2814 saepius
1117 2717 1286 2814 quiescere

301 2849 475 2908 coactum
490 2832 580 2922 luit,
601 2832 724 2906 donec
739 2833 790 2907 ob
801 2833 1020 2906 adauctam
1012 2847 1111 2904 intra
1128 2831 1285 2912 cranium,

301 2955 393 3027 vitio
413 2953 596 3052 glandulae
613 2952 833 3051 pituitaria,
852 2977 958 3051 aquae
978 2953 1149 3051 copiam,
1168 2947 1287 3021 viribus

302 3071 481 3144 omnibus
495 3070 689 3158 orbatum,
703 3069 751 3141 ad
765 3085 989 3170 perpetuam
1005 3037 1286 3168 'quietemredac-

302 3203 384 3260 turn
404 3204 477 3277 est,
498 3185 637 3261 affectu
659 3213 704 3258 ex
725 3211 892 3286 syncope
914 3202 952 3259 et
972 3185 1168 3318 apoplcxla
1183 3183 1282 3256 misto.

303 3309 486 3376 Caeterum
504 3305 674 3404 exempla
693 3303 950 3378 defectionum
971 3305 1087 3376 animi
1106 3328 1152 3375 ex
1167 3320 1285 3398 magua

303 3424 446 3493 arteriae
476 3421 758 3524 dilatationibus
786 3423 857 3494 alia
883 3421 1039 3496 fortasse
1069 3423 1149 3494 aliis
1177 3413 1285 3490 litteris

302 3537 540 3639 proferemus
559 3555 695 3639 praeter
717 3566 760 3613 ea
782 3567 865 3640 quae
882 3541 1055 3614 dedimus
1082 3541 1169 3613 alias
1187 3536 1234 3635 (ι)
1251 3554 1284 3602 et

301 3658 474 3731 Valsalva
491 3657 689 3757 descripta.
709 3661 819 3730 Nunc
836 3659 884 3732 ad
901 3659 971 3731 alia
985 3673 1222 3732 transeamus.

312 3858 1280 3896 ...m—..M

342 4028 387 4106 (ι)
407 4029 503 4106 Epist.
524 4050 576 4104 17,
593 4049 624 4088 n.
643 4049 677 4102 17
694 4039 723 4086 et
736 4047 784 4088 ai.
