2824 4668
178 521 245 566 nm.
273 521 312 566 11.
340 511 908 583 oauoun1sruoalc1s,nr1sr.
937 520 1034 568 xrnv.
1064 493 1134 570 355

128 635 225 722 nita,
248 655 318 705 nec
337 633 474 704 vibrati
495 633 673 732 amplius,
696 658 766 704 nee
788 632 1026 732 frequentes,
1058 641 1135 709 imo

126 753 201 822 rari
222 768 360 839 essent,
378 775 449 822 nec
472 753 548 822 rari
566 767 695 823 tamen
713 753 821 823 valde
839 768 941 824 extra
956 755 1132 864 modum.

84 891 89 900 ·
124 870 197 941 Sed
213 893 300 940 cum
319 895 361 940 ea
376 871 526 940 raritate
550 893 639 939 mox
664 893 701 940 se
730 867 927 966 conjunxit
954 871 1136 964 vibrati0,

128 987 299 1058 celeritas
320 996 446 1058 antem
459 995 581 1076 tanta,
601 999 642 1058 ut
660 1010 744 1058 cum
759 990 901 1058 arteriae
915 1003 1041 1062 motus
1058 1017 1137 1060 am·-

127 1104 201 1192 bst,
230 1121 441 1177 extrorsum
479 1103 653 1176 videlicet
687 1107 724 1176 e't
760 1107 988 1210 introrsum,
1024 1109 1136 1180 simul

127 1225 268 1321 sumpti
305 1247 383 1294 non
416 1223 538 1294 multo
572 1223 658 1321 plus
691 1215 922 1321 occuparent
955 1211 1137 1324 temporis

127 1363 242 1438 quam
257 1342 401 1412 soleant
420 1339 628 1413 secundnm
649 1355 839 1428 naturam,
857 1344 1002 1440 primus
1021 1343 1137 1442 triplo

129 1475 226 1531 esset
245 1459 415 1549 brevior,
436 1483 549 1557 quam
570 1458 768 1532 secundus.
789 1464 878 1552 Quae
893 1485 953 1532 res
972 1461 1135 1532 biduum

128 1579 277 1648 circiter
290 1579 470 1675 perstitit,
486 1577 609 1647 donec
624 1577 759 1673 vigiliis
778 1591 815 1646 et
836 1577 915 1665 siti,
931 1601 1012 1674 quae
1024 1581 1136 1650 etiam

127 1711 208 1766 tum
221 1705 454 1794 supererant,
467 1694 646 1792 paulatim
655 1693 895 1782 abeuntibus,
905 1697 1043 1765 sensim
1057 1697 1138 1794 pul-

128 1827 191 1885 sus
209 1837 384 1910 quoque,
405 1805 616 1883 vibratione
640 1823 677 1882 et
702 1811 891 1887 eeleritate
915 1813 1136 1903 imminuta,

4 1949 6 1988 ³
127 1923 174 2004 ad
190 1931 399 2002 naturalem
418 1953 516 2029 pene
528 1929 685 2000 modum
697 1985 706 2015 ,
720 1929 827 2001 sicuti
839 1943 975 2026 quarto
989 1930 1138 2004 decimo

130 2050 369 2148 percepimus
382 2048 461 2138 die,
480 2047 685 2118 redierunt.
1159 2060 1161 2064 ’

182 2167 238 2238 33.
260 2173 307 2236 At
328 2167 406 2236 sine
431 2165 618 2237 celeritate
640 2179 704 2236 aut
727 2163 918 2252 tarditate,
945 2167 1138 2239 raritatem

132 2284 251 2353 multo
269 2283 452 2377 majorem
476 2281 797 2379 deprehendimus
818 2283 857 2351 in
879 2282 1032 2356 duobus
1048 2301 1137 2382 prae·

131 2400 259 2472 sertim
277 2397 430 2472 senibus
450 2419 495 2470 ex
519 2421 596 2496 quo
615 2400 781 2496 primum
795 2399 1003 2498 epilepticis
1018 2403 1136 2475 insul·

6 2545 9 2586 3
127 2515 252 2606 tibus,
280 2540 301 2586 a
329 2527 459 2588 ventre
488 2515 773 2615 incipientibuS,
801 2519 934 2621 tentati
963 2517 1132 2593 fuerant:

128 2654 292 2732 quorum
310 2636 463 2708 ulterius
488 2633 684 2706 historiam
710 2631 803 2706 'alias
822 2634 867 2732 (1
885 2635 904 2733 )
926 2635 972 2707 ad
992 2651 1028 2708 te
1048 2653 1132 2736 per·-

128 2751 366 2852 seripsimus:
386 2754 537 2826 alterius
561 2751 715 2825 fortasse
739 2754 945 2851 aliquando
966 2753 1024 2851 (a)
1041 2759 1133 2827 scri-

126 2871 283 2959 bemus,
303 2885 416 2969 quem
434 2871 706 2944 nudiustertius
718 2871 1004 2943 consultationis
1023 2889 1134 2944 causa

127 2988 344 3075 invisefltes,
365 3013 452 3060 cum
472 3009 514 3059 ea
533 2989 711 3086 pulsuum
729 2989 879 3058 raritate
896 2989 1130 3078 invenimus,

126 3119 168 3174 ut
193 3105 291 3176 intra
318 3109 584 3205 sexagesimam
609 3105 710 3175 horae
734 3111 878 3200 partem
902 3105 1130 3201 pulsationes

128 3224 202 3293 siut
225 3235 370 3294 tantum
393 3217 527 3322 viginti
552 3223 649 3307 duae,
672 3244 832 3292 numero
849 3220 1022 3293 videlicet
1039 3221 1130 3294 dua-

126 3337 199 3410 bus
209 3341 360 3412 circiter
369 3345 488 3414 tertiis
502 3341 672 3440 partibus
692 3338 831 3408 minori
850 3359 963 3435 quam
977 3355 1130 3436 oporte·

123 3469 200 3544 ret,
218 3456 367 3553 idquea
388 3459 559 3554 pluribus
575 3459 651 3554 jam
668 3454 871 3526 mensibus.
883 3455 1130 3554 Videbisqui·

123 3571 212 3644 dem
229 3575 270 3645 in
289 3574 536 3673 Sepulchreto
552 3573 630 3673 (3)
644 3573 865 3644 Rumlerum
890 3575 1010 3644 multo
1035 3599 1127 3672 pau-

160 3874 206 3952 (1)
227 3875 320 3951 Epist.
335 3889 369 3950 9,
383 3888 415 3930 n.
432 3887 460 3947 7.

161 3973 206 4052 (α)
226 3975 296 4032 Vid.
315 3976 409 4050 Epist.
425 3975 478 4044 64,
493 3994 523 4030 n.
538 3971 566 4030 5.

159 4077 203 4153 (3)
225 4077 303 4134 Sect.
317 4071 372 4133 hac
385 4096 404 4152 9
418 4076 451 4132 in
463 4073 555 4132 schol.
569 4075 607 4132 ad
619 4075 684 4130 obs.
700 4093 727 4130 a.

919 4171 981 4244 23*
1094 4135 1095 4142 l
