2800 4674
153 470 227 518 mr.
255 467 296 516 11.
324 463 533 518 nnsroams
558 463 751 530 monson,
777 467 889 516 amsa.
906 469 990 523 xxi.
1044 449 1085 520 81

80 609 148 658 nes
168 579 389 682 proferens,
403 594 580 668 testatur,
598 585 636 650 in
648 575 859 678 plenn'ticis
882 583 1004 654 locum
1018 611 1094 685 pa·

79 707 236 774 tientem
248 723 326 772 esse
336 698 507 770 docuisse
511 697 746 796 pulmonem
756 697 905 786 diserte,
917 702 1093 798 inquam,

81 819 346 916 Hippocrates,
363 817 403 884 in
422 814 520 885 libro
535 813 584 884 de
595 814 687 884 locis
704 820 741 884 in
756 815 907 886 liciniae
924 817 997 912 (a),
1012 845 1091 890 non

82 932 586 1033 peripneumoniaetantum‚
603 929 668 1001 sed
686 945 722 1002 et
735 931 946 1028 pleuritidis
966 935 1094 1006 sedem

82 1053 122 1122 in
145 1051 332 1150 pulmone
361 1049 630 1136 collocaverat3
651 1047 787 1143 hujus,
805 1073 891 1119 cum
906 1049 1037 1140 altera;
1052 1053 1096 1123 il-

83 1168 176 1258 lius,
193 1191 283 1240 cum
296 1165 413 1238 ambae
425 1166 508 1260 ejus
525 1165 677 1236 visceris
695 1180 820 1262 partes
839 1184 928 1238 sunt
947 1194 967 1238 a
988 1173 1097 1268 copia

83 1285 280 1358 influentis
306 1281 416 1354 calidi
441 1282 614 1354 humoris
637 1281 872 1355 tumefactae:
895 1286 999 1382 quod
1026 1313 1097 1386 ego

84 1402 293 1476 discrimen
316 1398 574 1479 revocandum
598 1423 678 1472 esse
695 1402 735 1470 in
750 1425 860 1474 usum
877 1455 887 1491 ‚
904 1427 984 1474 non
1004 1429 1098 1476 con-

85 1521 226 1610 tendo;
244 1519 318 1592 hoc
334 1533 481 1589 tantum
494 1519 574 1608 aio,
592 1519 802 1616 praestitisse
813 1520 881 1618 (id
898 1521 1004 1618 quod
1023 1525 1098 1595 De-

85 1639 247 1712 metrius
258 1635 486 1734 Herophilus
498 1635 553 1733 (a)
566 1634 726 1733 fecerat)
738 1637 875 1710 eodem
890 1642 966 1728 uti,
982 1665 1098 1738 quam

88 1757 138 1828 oh
158 1757 254 1828 alios
275 1754 515 1852 Hippocratis
535 1753 655 1841 locos,
677 1753 782 1850 quod
800 1757 880 1826 veri
898 1755 972 1827 hoc
989 1759 1029 1827 in
1042 1757 1099 1828 lo·

89 1899 134 1946 co
147 1873 289 1960 suerat,
305 1871 517 1942 obscurare.
532 1869 645 1957 Quod
664 1893 712 1939 an
731 1871 939 1944 Martianus
957 1871 1102 1962 fecerit,

88 1989 152 2062 hic
170 2013 253 2061 non
270 2009 443 2083 quoram.
465 1982 538 2054 Sed
565 1983 694 2054 videre
713 1986 856 2081 poteris
874 1985 933 2058 vel
953 1989 994 2058 in
1017 1990 1101 2086 ipso

88 2105 342 2205 Sepulchreto
367 2102 421 2199 (ὃ)
445 2123 531 2172 cum
556 2099 697 2172 dehoc
711 2101 848 2173 eodem
866 2105 1104 2202 Hippocratis

88 2225 179 2296 loco
198 2223 428 2320 disputaret,
444 2233 607 2291 rectene
627 2232 758 2290 contra
777 2243 821 2292 ac
839 2222 1100 2321 teubertus(4)

92 2342 329 2438 infinitormn
338 2336 562 2410 cadaverum
578 2341 775 2434 apertione
791 2337 992 2428 subnixus,
1009 2340 1103 2412 illud

93 2457 356 2546 affirmaverit,
379 2477 468 2526 raro
498 2460 641 2530 evenire
662 2479 780 2526 onom
793 2455 989 2553 pulmonis
1010 2485 1104 2558 pan

93 2591 167 2648 tem
189 2579 437 2674 inflammari,
464 2571 588 2644 altera
605 2587 854 2670 permanente
877 2573 1022 2648 illoesa:
1041 2591 1106 2650 aut

96 2691 268 2765 dolorem
286 2696 380 2762 oriri
387 2711 466 2760 non
478 2694 632 2760 ratione
644 2690 949 2786 iry‘lammationis
957 2694 1105 2790 pulmo.

97 2814 152 2880 nis
162 2863 173 2896 ‚
195 2809 262 2882 sed
281 2809 431 2880 lateris:
452 2820 489 2878 et
511 2830 597 2876 cum
614 2805 796 2900 objecerit
816 2793 949 2879 eorum
962 2808 1104 2887 ‚obser-

96 2926 310 3000 vationibus
329 2926 395 3023 qui
422 2949 460 2996 se
480 2922 707 3021 scripserant
721 2923 919 3020 pulmones
939 2925 1047 3000 lcesos
1066 2935 1104 2998 in

94 3038 297 3136 pleuritide
320 3063 465 3140 semper
489 3045 687 3138 reperisse,
714 3065 802 3112 cum
826 3039 1027 3136 objecerit,
1048 3045 1105 3114 in-

101 3181 229 3253 quam,
247 3183 328 3230 non
345 3159 485 3229 mirum
508 3179 604 3246 esse,
620 3159 651 3228 si
675 3157 713 3228 id
735 3161 867 3228 Homae
887 3157 1106 3234 observave-

101 3274 192 3365 rint,
215 3276 286 3350 uhi
296 3274 520 3374 pleuritides
538 3289 577 3346 et
588 3277 913 3374 perzpraeumonioe
930 3282 1006 3346 sint
1015 3279 1106 3369 flere
1120 3293 1130 3364 j

102 3413 227 3466 omnes
247 3393 296 3466 de
311 3417 464 3464 numero
477 3417 608 3464 earum
624 3390 671 3462 de
686 3391 819 3488 quibus
832 3391 904 3462 hoc
919 3399 957 3464 in
969 3397 1105 3495 Hippo·

158 3731 170 3766 1
237 3754 244 3770 .
304 3754 311 3770 .

157 3711 187 3888 a}
206 3716 300 3888 {parati¹
309 3811 405 3872 eumd.
420 3811 556 3884 Caelium,
573 3813 594 3868 l.
613 3809 663 3868 cit.
679 3829 704 3866 c.
720 3806 781 3876 25„

145 3906 187 3986 (3)
209 3914 308 3972 Schol.
322 3913 361 3970 ad
373 3918 389 3984 ς
402 3911 435 3985 5,
450 3913 514 3970 obs.
532 3919 568 3979 τί,
580 3909 670 3986 hujus
687 3918 760 3967 sect.

145 4004 176 4084 (i
210 4013 286 4072 Sect.
302 4014 368 4072 ead.
382 4013 448 4071 obs.
462 4019 510 4080 πή.

176 4008 189 4085 )

181 4106 214 4179 3.
