2800 4674
273 327 342 402 136
434 355 481 401 os
505 353 652 402 morsus
676 355 721 402 rr
746 355 870 404 causis
895 357 1108 408 uouronurt

269 468 368 538 adeo
395 493 624 568 compressos
650 485 688 540 et
706 475 856 540 innatos
878 472 1049 568 pleuroe,
1076 491 1120 544 ut
1148 473 1287 551 nullan

269 583 398 654 adesse
415 591 566 655 incauto
584 583 794 670 videretur,
819 603 918 656 certe
939 590 1059 660 tribus
1082 591 1191 662 &tneo
1208 601 1280 664 vix

268 707 475 774 crassiores.
487 702 547 773 Ob
560 703 730 774 eamdem
741 728 832 776 vero
849 728 998 778 cauum
1008 707 1278 806 deceptionem

267 817 500 914 ejuscemodi
526 820 703 892 accidisse
727 822 766 890 in
788 821 1051 896 observatione
1069 825 1088 922 (
1107 827 1146 924 ι)
1161 853 1278 926 quam

267 935 471 1034 disputatio
482 938 733 1016 exhibetLVI.
745 941 845 1014 inter
856 944 1035 1038 practices
1047 943 1191 1042 abipso
1203 947 1278 1016 col·

266 1055 403 1140 lectas,
420 1055 654 1153 probabilius
666 1055 787 1128 eidem
807 1056 870 1155 (a)
886 1059 1047 1131 videtur.
1062 1061 1216 1133 laudat
1227 1079 1276 1134 ta·

263 1197 353 1244 men
373 1172 562 1262 historias,
581 1173 934 1248 huiedissertatioui
949 1180 1086 1274 passim
1102 1180 1275 1268 insertas,

265 1315 349 1388 quae
363 1289 410 1362 ad
425 1291 651 1390 pulmonum
662 1345 672 1378 ,
684 1307 721 1362 et
732 1295 988 1392 proximarum
1003 1295 1275 1393 glandularum

266 1411 432 1482 vomicas
453 1423 632 1508 spectant.
663 1413 732 1481 Eas
756 1426 797 1480 tu
819 1411 987 1509 perlegas
1011 1413 1134 1484 veliin.
1155 1419 1277 1514 Repe·

267 1528 341 1600 rias
365 1529 465 1598 enim
484 1551 577 1624 quas
597 1526 844 1624 Sepulchreto
864 1529 1064 1627 adjungas,
1088 1548 1276 1628 quantum

267 1645 396 1718 videre
415 1645 542 1743 potui,
560 1647 700 1746 nonita
717 1670 864 1744 paucas.
887 1650 1057 1737 Quarum
1077 1647 1222 1720 nullam
1235 1652 1276 1721 in

266 1762 326 1836 his
347 1762 480 1834 litteris
496 1787 794 1836 commemorare
814 1763 909 1834 mihi
932 1765 1057 1854 licuit,
1071 1790 1156 1838 sero
1178 1766 1275 1840 adeo

265 1880 562 1980 disputationem
586 1881 687 1952 illam
704 1884 927 1980 accipienti,
944 1884 1007 1953 vix
1024 1899 1084 1972 ut,
1106 1885 1276 1983 epistolis

262 1999 339 2096 jam
364 2025 485 2098 prope
512 1998 690 2070 omnibus
711 2025 789 2070 non
811 2001 1006 2072 recensitis
1031 2002 1177 2092 solum,
1207 2003 1273 2075 sed

266 2119 376 2190 etiam
399 2118 616 2216 descriptis,
640 2117 702 2188 hic
731 2119 923 2216 potuerim
943 2117 1021 2190 haec
1045 2120 1270 2216 interjicere.

265 2237 338 2308 Sed
363 2235 412 2306 ad
437 2235 524 2306 alias
550 2236 726 2356 Vahalvae
746 2237 1046 2324 observationes,
1070 2237 1272 2334 inquibus

264 2353 458 2454 pulmonis
478 2353 676 2424 imminuta
696 2370 775 2424 erat
794 2355 937 2442 moles,
956 2369 1201 2428 transeamus.

315 2471 347 2542 8.
363 2472 431 2542 Vir
442 2495 562 2542 annos
576 2486 684 2543 natus
696 2497 816 2570 prope
830 2471 1272 2572 quadragintaquinque,

265 2591 386 2690 quiin
408 2589 599 2688 paludosis
617 2589 837 2688 regionibus
854 2591 1016 2679 vixerat,
1032 2591 1142 2688 queri
1157 2593 1270 2690 coepit

264 2708 312 2781 de
337 2707 501 2780 thoracis
527 2706 798 2791 incommodis,
816 2709 856 2778 in
880 2707 938 2780 his
963 2709 1009 2780 de
1039 2709 1161 2806 gravi,
1187 2725 1270 2781 eta

262 2841 387 2914 motu,
409 2824 610 2898 difficiliori
622 2827 879 2926 respiratione.
896 2827 1050 2924 Aliquot
1065 2842 1154 2925 post
1167 2853 1269 2899 men·
1297 2810 1305 2828 ⁸

262 2945 363 3020 sibus
380 2945 583 3044 corripitur
600 2943 704 3016 febre
723 2944 939 3016 vehementi
956 2968 1042 3017 cum
1060 2945 1200 3016 sinistri
1213 2934 1265 3016 la-

262 3065 351 3138 teris
368 3077 566 3164 gravante,
591 3077 627 3150 et
653 3077 847 3160 pungente
865 3061 1016 3148 dolore,
1043 3077 1085 3132 ut
1112 3061 1264 3134 difficile
1379 3117 1380 3162 ι

261 3183 301 3254 iu
321 3183 444 3280 ipsum
458 3181 591 3270 cubet,
607 3181 665 3252 siti
679 3204 833 3278 magna,
852 3181 945 3252 tussi
962 3179 1140 3268 molesta,
1154 3195 1265 3278 sputo
1379 3259 1380 3278 ἒ

260 3298 464 3396 aliquando
480 3295 690 3385 subrubro,
707 3297 895 3395 pulsuque
905 3296 1002 3368 duro
1014 3311 1050 3368 et
1061 3294 1261 3395 frequenti.

259 3421 352 3488 Cum
371 3413 448 3484 hacc
474 3415 725 3503 remisissent,
754 3430 954 3512 postquam
973 3416 1013 3504 in
1039 3416 1263 3486 nosocomio
1379 3407 1380 3440 ³

259 3558 377 3608 uuum
397 3555 561 3634 mensem
584 3531 832 3620 decubuerat,
851 3532 1007 3602 domum
1026 3533 1189 3629 repetit,
1205 3557 1261 3604 su·
1379 3553 1380 3562 ¹

294 3819 338 3898 ιι)
360 3821 376 3890 ι
397 3813 445 3876 a.

295 3917 339 3996 (a)
356 3919 390 3976 In
407 3915 507 3976 tabula
525 3910 719 3992 disputation.
733 3917 846 3974 volum.
863 3935 891 3974 2.
