2800 4674
148 433 218 480 nin.
247 435 289 482 11.
318 437 365 486 na
390 407 885 499 nonrrsrnonacrs,er1sr.
914 431 1002 488 xxu.
1034 403 1101 481 153

85 541 207 639 paulo
223 552 352 620 minor
368 573 439 620 nec
459 547 548 620 illuc
571 547 782 635 introisset,
809 562 846 618 et
867 546 1103 622 celerrimam

92 658 398 753 suffocationem,
411 689 489 736 non
505 665 648 736 lentum
663 663 840 744 morbum
854 661 1106 762 undepulmo·

92 801 257 878 nespnre
266 782 407 881 repleri
414 797 583 880 possent,
597 782 866 858 attulisset‘Est
874 783 983 854 etiam
996 803 1107 852 causa

93 894 177 984 alia,
195 923 336 996 nempe
358 897 561 997 perfrigida
588 898 702 970 multa
721 899 847 996 potio,
865 897 956 970 dum
981 897 1028 968 ab
1047 899 1104 968 ni-

92 1013 164 1085 mia
180 1016 450 1088 exercitatione
468 1041 608 1114 corpus
622 1031 769 1101 aestuat,
786 1015 1028 1114 ingurgitata,
1043 1007 1112 1086 res'

93 1126 168 1204 fere
194 1135 532 1230 perniciosissima,
557 1135 728 1233 quamvis
746 1159 824 1206 non
846 1159 891 1206 ex
911 1130 1104 1230 pulmonis

91 1260 238 1322 tantum
259 1251 419 1324 laesione.
438 1256 689 1349 Namque,ut
706 1251 753 1324 de
769 1251 961 1349 sanguinis
975 1247 1105 1336 alveiS,

92 1363 184 1461 gulae
196 1369 397 1464 proximis,
414 1367 509 1442 nihil
523 1369 664 1454 dicam,
674 1369 926 1444 ventriculum
937 1385 1106 1464 quoque,
1142 1449 1146 1456 Ι

92 1479 130 1552 in
147 1507 266 1580 quem
283 1486 390 1582 potio
410 1486 613 1584 excipitur,
627 1486 717 1563 inde
735 1488 899 1586 primum
918 1482 1029 1557 fuisse
1050 1482 1104 1554 vi·

90 1596 222 1670 tiatum
244 1601 285 1672 iu
303 1601 493 1698 phthisico
510 1603 653 1702 puero,
673 1629 754 1676 non
774 1604 855 1677 sine
873 1603 1019 1674 ratione
1036 1597 1104 1670 ali·

92 1738 165 1811 qua
180 1718 439 1793 contendebat
451 1704 631 1792 Lenfllius
643 1719 708 1818 (ι)
724 1718 797 1792 Cui
818 1733 859 1790 ut
876 1719 915 1788 in
930 1716 995 1788 illo
1015 1739 1106 1788 casu

91 1855 172 1904 non
190 1834 443 1933 refragemur,
468 1861 539 1908 nec
559 1839 600 1908 in
614 1837 696 1910 aliis
724 1834 880 1908 fortasse
907 1829 1104 1930 inquibus

91 1951 215 2022 multo
234 1954 341 2050 prius
357 1952 405 2024 ab
424 1953 608 2030 exteriore
625 1953 686 2024 illa
701 1974 812 2028 causa
827 1952 997 2024 laesiones
1011 1972 1105 2020 ven·
1170 2011 1172 2014 .

89 2068 220 2140 triculi
230 2095 344 2166 quam
359 2071 605 2168 pulmonum,
621 2070 986 2154 animadvertantur,
1000 2065 1104 2139 unde

90 2184 192 2256 mala
213 2185 387 2261 ciborum
406 2188 592 2262 confectio
607 2189 786 2276 viscatos,
805 2211 955 2262 acresve
972 2207 1106 2258 succos

91 2316 220 2397 paret,
238 2305 359 2400 quiet
376 2308 613 2390 stomachum
634 2307 861 2395 vellicando,
886 2305 1018 2378 tussim
1039 2327 1104 2374 ex·

92 2417 224 2507 citent,
244 2437 281 2494 et
295 2424 334 2497 in
345 2425 599 2523 pulmonibus
612 2426 765 2500 tandem
777 2421 1035 2510 subsistendo,
1049 2421 1104 2492 ir-

91 2535 336 2638 ritaudoque,
354 2567 504 2616 causam
531 2543 724 2644 proebeant
746 2543 910 2644 phthisi,
943 2564 1019 2638 qua
1043 2563 1101 2610 ra·
1153 2559 1155 2564 ·

93 2652 196 2728 tione
213 2658 295 2750 illc,
313 2661 344 2732 si
360 2687 439 2735 nou
450 2665 578 2736 Vatari
590 2663 658 2762 (a),
670 2669 709 2738 at
717 2664 785 2736 cel.
796 2659 955 2734 Heisteri
964 2656 1019 2756 (3)
1032 2655 1103 2728 ob·

97 2777 345 2850 servationem
370 2780 557 2879 explicare
578 2780 734 2855 forsitan
754 2780 977 2866 maluisset,
992 2789 1034 2846 ut
1053 2773 1104 2844 *in

96 2894 318 2984 nonnullis,
343 2899 528 2994 inquam,
546 2901 670 2974 minus
699 2897 951 2997 refragemur3
977 2907 1104 2964 tamen

97 3007 152 3078 vel
170 3010 210 3082 in
229 3012 289 3085 h'is
310 3014 458 3089 casibus
474 3020 605 3116 negari
629 3043 709 3090 non
730 3031 854 3116 potest
871 3013 1105 3086 adhaerentes

96 3128 300 3227 oesophago
318 3157 339 3204 a
357 3130 487 3212 fronte,
500 3133 869 3233 quidem'teuuiores
890 3131 1032 3204 arteriae
1048 3153 1103 3200 as-

95 3261 208 3337 perae,
220 3261 257 3318 et
271 3253 482 3348 primorum
495 3251 772 3326 brouchiorum
785 3253 946 3351 parietes
956 3303 966 3340 ,
978 3251 1104 3348 proxi-

95 3379 311 3438 mosautem
323 3367 369 3453 ab
382 3384 544 3469 utroque
559 3373 675 3458 latere
687 3355 887 3470 pulmones
899 3397 919 3444 a
929 3371 1111 3474 perfrigi-¹

98 3473 142 3546 da
161 3481 281 3553 multa
295 3483 501 3578 allabente,
518 3503 584 3562 aut
605 3489 854 3564 interlabente
878 3494 1051 3589 potione,
1072 3493 1102 3562 si

99 3653 1089 3689 mm

134 3781 178 3860 (1)
197 3787 335 3844 Earumd.
354 3751 426 3846 Dec.
446 3792 532 3858 a‚·A.
551 3809 566 3862 7
602 3791 635 3848 in
646 3792 774 3867 append.
782 3833 791 3864 ,
808 3809 889 3870 mro
901 3792 941 3846 ad
954 3792 1018 3848 obs.
1032 3791 1061 3844 6.

135 3880 177 3972 (a)
197 3886 268 3942 Dec.
287 3886 352 3944 ead.
366 3890 403 3944 A.
419 3907 470 3959 ιο,
486 3889 549 3947 obs.
568 3889 634 3948 161.

135 3979 177 4061 (3)
199 3987 343 4048 Eorumd.
360 3999 418 4046 act.
437 3998 508 4046 tom.
526 4010 553 4064 1,
568 3991 633 4050 obs.
651 3999 717 4063 174·
