2820 4668
341 464 412 540 ⁵58
502 489 549 536 nr
576 485 723 536 sumans
748 487 794 535 rr
818 485 944 536 cauus
968 487 1178 541 monacnum

340 629 425 704 qma
446 627 489 675 os
509 599 713 688 referrent,
737 601 932 690 albedine,
949 605 1109 702 opinor,
1131 621 1169 678 et
1184 606 1303 698 duritie

338 745 465 818 neque
485 721 586 792 enim
604 743 651 789 eo
671 733 841 816 tempore
862 717 942 791 haec
963 721 1172 819 agitabatur
1190 739 1303 798 contre»

339 841 482 927 versia3
503 837 615 917 simul
633 851 707 907 tam
728 837 801 907 citt
821 837 991 933 ejusdem
1012 842 1175 912 materia
1194 842 1307 913 indura·

339 957 444 1029 tione
477 967 663 1053 spectata.
689 975 840 1026 mecum
872 953 980 1027 facile
1012 957 1269 1056 suspicaberis,
1289 962 1307 1030 si

342 1073 607 1146 enarrationes
633 1071 703 1142 illae
729 1069 888 1144 luissent
915 1073 1107 1168 majores,
1136 1089 1178 1146 ut
1204 1078 1309 1174 experi-

340 1207 472 1263 mento
489 1188 687 1286 multiplici
701 1189 837 1260 tentari
852 1206 1027 1288 possent,
1045 1187 1213 1266 laturum
1230 1191 1308 1266 fuisse

340 1325 383 1381 ut
407 1307 534 1406 tophi,
562 1323 627 1378 aut
650 1306 818 1378 indurati
836 1308 962 1406 gypsi,
979 1333 1093 1406 quam
1113 1313 1203 1388 ossis
1219 1335 1309 1384 revera

342 1426 561 1512 similiores,
581 1423 971 1522 deprehenderentur.
998 1429 1074 1499 Nec
1095 1428 1190 1502 mihi
1211 1428 1309 1501 aliade

340 1545 488 1616 arteriis
502 1567 571 1641 per
587 1544 785 1641 meningas
800 1543 1023 1641 repentibus
1033 1546 1168 1643 opinio
1179 1559 1245 1634 est,
1257 1570 1311 1642 qua

294 1751 297 1759 ⁴
340 1679 428 1762 post
443 1663 735 1734 exsiccationem
761 1682 875 1734 osseae
894 1661 956 1735 bic
980 1663 1056 1735 illid
1080 1678 1310 1764 apparuerunt.

339 1781 430 1854 Veri
443 1782 544 1851 enim
560 1779 793 1850 simillimum
806 1779 991 1869 est,idem
1002 1783 1311 1878 prominentiamn

340 1921 460 1998 gentas
486 1897 591 1994 quod
615 1921 663 1968 eu
686 1911 824 1968 trunco
847 1913 961 1968 aortae
985 1901 1024 1968 in
1041 1902 1207 1997 majores
1233 1899 1311 1994 hujus

339 2039 467 2088 ramos
482 2015 784 2114 propagabatur,
808 2041 857 2087 cx
877 2016 937 2088 bis
955 2039 1072 2114 porro
1095 2043 1168 2117 per
1186 2019 1311 2088 minores

341 2139 497 2234 quoque
526 2135 860 2232 illos-perrexisse,
894 2135 1155 2236 eumdemque
1178 2133 1310 2209 efloenn

340 2251 559 2327 ostendisse.

388 2371 446 2444 30.
460 2371 575 2460 Quod
591 2393 684 2441 vero
696 2369 796 2451 idem
813 2369 859 2441 cl.
885 2373 944 2441 vir
958 2373 1024 2470 qui
1044 2371 1311 2445 observationem

339 2487 441 2560 illam
456 2488 769 2575 communicavit,
782 2487 916 2560 iisdem
928 2486 990 2562 me
1003 2489 1141 2564 litteris
1153 2492 1310 2564 certiorem

339 2602 447 2693 fecit,
460 2629 498 2675 se
509 2605 658 2701 aliquos
674 2603 895 2678 dissecuisse
913 2605 1140 2704 aliquando,
1155 2605 1310 2706 repentina
1364 2623 1365 2636 ¹

339 2735 464 2794 morte
486 2720 679 2810 sublatos,
707 2723 746 2794 in
777 2723 919 2820 quibus
944 2739 1086 2797 aortam
1114 2749 1235 2824 neque
1255 2741 1311 2819 per·

338 2857 512 2940 ruptam,
539 2865 666 2938 neque
689 2838 905 2932 dilatatam,
930 2843 997 2914 s'ed
1019 2844 1208 2941 ejusmodi
1223 2841 1311 2914 solun

339 2959 515 3057 pustuliS,
529 2974 569 3030 et
586 2959 852 3056 prominentiis
865 2956 1039 3034 affatuum
1056 2963 1270 3045 invenissct3
1286 2950 1311 3025 id

336 3101 463 3174 neque
478 3075 639 3146 multum
656 3074 802 3146 abludit
812 3075 863 3147 ab
877 3077 959 3149 aliis
967 3103 1051 3176 quar
1064 3104 1085 3154 a
1099 3101 1162 3151 me
1173 3076 1238 3150 tibi
1251 3073 1311 3144 aliu

340 3196 459 3266 missae
471 3207 583 3282 sunt,
604 3194 795 3264 minorum
811 3193 860 3265 ad
876 3198 1039 3292 speciem
1059 3196 1226 3294 ejusdem
1242 3206 1309 3263 arn·

336 3313 587 3383 rioevitiornm
600 3304 1308 3412 observationibus5quaetamenlunesb'

337 3453 445 3504 casus
471 3447 559 3502 sum
589 3433 793 3502 consecuti.
819 3437 907 3521 Quo
933 3435 1052 3531 tnagis
1079 3457 1194 3531 opera
1217 3422 1309 3500 danda

336 3563 404 3640 est,
417 3547 623 3646 nequando
638 3563 782 3620 tenere
800 3551 1040 3647 negligantur
1057 3552 1173 3650 siqua
1187 3549 1306 3620 denum

335 3664 433 3740 forte
449 3666 600 3737 indicia
621 3691 661 3738 se
682 3666 873 3764 prodant;
899 3668 1002 3739 unde
1024 3669 1066 3738 in
1090 3667 1308 3766 suspicionem

336 3799 480 3882 quanto
503 3786 619 3882 magis
638 3783 746 3855 liceat
759 3782 996 3884 probabilem
1012 3783 1236 3856 deducamur
1245 3797 1308 3878 pus·

335 3903 525 3991 tularum,
549 3917 612 3973 aut
638 3904 855 3974 erosionum
880 3905 919 3974 in
945 3918 1049 3974 aorta
1069 3903 1269 3974 latentium:
1285 3903 1308 3960 el

338 4021 556 4090 erosionum
587 4019 742 4118 quidem
778 4021 882 4120 signa
913 4021 1126 4125 nonnulla,
1151 4045 1171 4094 a
1192 4014 1305 4092 belliss⁰
