2824 4668
141 477 210 526 rm.
238 475 279 524 11.
307 477 354 524 nu
380 447 879 537 nonr1srnonrcrs',nr1sr.
907 479 989 526 xxv.
1020 455 1086 529 381

82 594 242 694 pressis,
270 594 346 665 sive
373 589 450 678 ihi,
476 605 539 662 aut
567 591 606 660 in
637 591 851 662 ventriculo
877 594 1096 685 stimulatis,

83 711 286 784 deducere.
315 713 459 782 Verum
485 733 533 780 ne
562 707 609 780 ab
634 709 679 780 iis
705 708 928 784 recedamus
948 739 1031 810 quae
1055 716 1094 784 in

82 829 351 904 morbidorum
383 827 608 900 cadaverum
636 829 803 900 sectione
832 830 1097 922 inveniuntur3

81 949 288 1045 hane-quae
304 947 492 1044 sequitur,
509 945 688 1019 Valsalvae
700 945 1003 1020 observationem
1018 976 1099 1048 per·

78 1065 183 1165 lege,
200 1081 237 1138 et
256 1090 412 1154 nervos,
426 1067 601 1163 sipotes,
622 1064 779 1134 minime
799 1065 940 1137 inensa.

133 1185 170 1257 6.
198 1186 265 1258 Vir
287 1183 567 1272 nobilissimus,
585 1197 691 1280 patre
711 1197 822 1254 natus
846 1185 1096 1259 articulorum

80 1303 286 1376 doloribus
307 1318 344 1376 et
361 1301 547 1375 catarrhis
566 1301 757 1390 obnoxie,
777 1326 798 1370 a
815 1303 936 1399 prima
951 1303 1099 1377 adoles-

78 1424 208 1494 centia
220 1421 317 1494 varis
331 1437 368 1494 et
383 1421 527 1509 scabie,
544 1446 633 1491 mox
644 1420 842 1492 virulentis
857 1422 1097 1518 gonorrhoeis

80 1566 203 1641 saepe,
231 1556 268 1612 et
286 1542 395 1638 penis
420 1537 635 1627 ulceribus,
666 1538 833 1634 denique
857 1540 897 1609 in
931 1556 1097 1613 extrema

76 1661 282 1757 juventute
313 1657 480 1756 paternis
502 1656 575 1728 illis
600 1654 799 1726 doloribus
824 1670 994 1743 vexatus,
1012 1683 1098 1728 cum

79 1778 131 1850 ab
146 1779 206 1850 his
223 1773 571 1849 omnibusliberari
588 1787 764 1870 cuperet,
778 1772 967 1870 disparem
992 1797 1100 1846 cura-

80 1897 199 1971 tionis
212 1897 354 1968 exitum
371 1891 514 1964 habuit.
533 1894 629 1963 Nam
645 1889 755 1987 quod
770 1889 818 1960 ad
832 1913 1011 1961 venereas
1019 1891 1100 1963 illas

85 2038 205 2088 noxas
218 2010 422 2100 attinebat,
450 2035 501 2081 eae
533 2007 688 2107 quidem
709 2005 817 2079 facile
837 2008 1014 2080 remediis
1030 2009 1100 2080 ob-

87 2131 357 2232 sequebantur,
367 2127 549 2226 nulloque
559 2125 692 2199 relicto
702 2141 789 2225 post
802 2151 840 2198 se
849 2126 922 2198 luis
932 2128 1099 2234 vestigiO,

87 2248 333 2324 facessebant.
354 2247 611 2320 Articulorum
631 2261 758 2318 autem
774 2244 950 2333 dolores,
969 2271 1100 2343 quam·

89 2368 145 2440 vis
166 2389 238 2438 nee
264 2365 400 2455 semel,
423 2379 460 2436 et
476 2361 719 2435 multifariam
745 2363 957 2461 impugnati
984 2363 1031 2434 ab
1057 2366 1102 2437 iis

88 2486 298 2585 praesertim
325 2483 504 2573 medicis,
534 2484 621 2581 qui,
651 2507 737 2554 cum
764 2484 917 2554 venerei
950 2482 1101 2556 subesse

88 2603 232 2700 aliquid
251 2603 524 2690 existimarent,
541 2600 657 2672 modo
686 2600 985 2699 hydrargyrum,
1012 2601 1101 2672 alias

86 2723 280 2820 lignorum
306 2722 463 2794 decocta
486 2719 739 2794 exhibuerant
766 2719 944 2791 sudorem
977 2721 1103 2790 conci-

89 2855 232 2928 tantes,
259 2865 458 2938 nunquam
475 2853 603 2910 tamen
623 2839 674 2910 ita
691 2837 792 2934 abigi
816 2851 1043 2935 potuerunt,
1061 2853 1104 2908 ut

91 2982 182 3030 non.
201 2957 362 3029 subinde
388 2957 473 3056 plus
493 2957 621 3028 minus
649 2954 884 3026 incommodi
905 2951 1103 3040 afferrent,

92 3076 349 3174 articulosque
377 3077 591 3162 debilitatos
624 3075 895 3170 relinquerent.
932 3067 1106 3160 Quos'nt

94 3190 504 3283 confirmaret,temere
520 3218 589 3292 per
606 3217 644 3264 se
658 3190 818 3263 consilio
836 3203 966 3287 capto,
986 3193 1107 3288 Euga-
1140 3173 1143 3176 ¹

61 3363 63 3368 -
94 3312 176 3386 neis
194 3311 363 3403 balneis,
389 3327 425 3384 et
453 3313 544 3384 lutis
576 3335 663 3382 cum
694 3308 755 3380 vel
784 3322 920 3406 praeter
948 3307 1106 3380 modum

95 3455 187 3502 usus
213 3445 330 3520 esset;
364 3457 434 3503 nec
468 3433 526 3503 sui
544 3430 624 3503 voti
644 3453 803 3526 compos
826 3442 881 3500 est
900 3424 1038 3514 factus,
1070 3443 1109 3500 et

95 3573 186 3620 mox
201 3549 332 3647 capitis
352 3549 552 3622 doloribus
572 3574 651 3620 non
671 3549 751 3619 sine
767 3546 1015 3645 plenitudinis
1026 3572 1110 3619 sen-

96 3691 142 3740 su
156 3668 283 3740 vexari
307 3670 440 3766 coe'pit,
471 3683 553 3740 tum
579 3667 779 3738 oculorum
803 3662 1110 3736 inflammationi·

95 3787 171 3858 bus
201 3803 238 3860 et
268 3789 419 3858 narium
450 3784 748 3882 haemorrhagiis.
774 3785 942 3874 Quarum
967 3781 1037 3852 illae
1064 3807 1110 3854 eo

96 3899 215 4003 magis
235 3905 388 3978 sinistro
410 3903 524 3976 oculo
541 3917 781 3990 nocuerunt,
800 3897 905 4000 quod
929 3899 991 3970 hic
1014 3901 1111 3974 mul·

97 4022 144 4094 tis
164 4039 251 4096 ante
269 4025 379 4098 annis
399 4021 588 4096 consimili
615 4020 681 4094 diu
711 4019 866 4102 affectus
892 4016 1050 4110 morbo,
1067 4046 1112 4095 ex
