2816 4668
179 459 248 508 mr.
275 459 316 506 11.
344 459 391 506 nn
417 457 553 508 nonnis
580 459 779 520 monacis,
806 463 917 510 misr.
938 465 1020 512 xxv.
1050 442 1119 543 397

121 585 126 594 '
166 597 219 646 rr.
239 574 307 647 Vir
317 574 554 646 consistentis
566 575 680 647 aetatis
687 620 699 663 ·,
716 574 766 646 ob
783 601 894 675 grave
906 579 1013 654 ulcus
1030 582 1122 656 alte·

109 693 191 764 rius
220 694 355 782 cruris,
374 705 518 765 sextum
530 691 607 788 jam
627 715 796 765 mensem
808 694 848 764 in
863 694 937 767 hoc
959 698 1124 772 cubabat

109 813 356 901 nosocomio,
383 833 469 882 cum
495 809 729 906 inexpectata
759 837 924 912 syncope
951 817 1121 894 sublatus

110 945 190 1020 est,
207 931 363 1000 ineunte
381 929 480 998 maio
499 929 590 996 anni
607 927 709 1025 1723.
725 929 895 1005 Thorace
906 949 943 1005 et
960 939 1123 1034 pericar-

110 1046 175 1119 dio
186 1047 362 1135 reclusis,
380 1045 419 1116 in
440 1045 506 1116 illo
519 1069 707 1142 aquanon
725 1047 853 1121 deerat
864 1075 952 1122 cum
962 1053 1120 1151 quibus-

110 1165 197 1238 dam
217 1159 553 1254 concretionibus,
566 1164 776 1262 gelatt‘nam
794 1166 1064 1246 referentibus:
1079 1176 1119 1244 in

107 1283 183 1355 hoc
196 1298 321 1356 autem
338 1282 463 1372 cordis
484 1283 678 1354 sinistrum
689 1287 943 1359 ventriculum
956 1292 1121 1364 animad-

106 1402 204 1474 verti
229 1427 337 1500 aequo
364 1401 585 1473 crassiorem
605 1417 642 1474 et
660 1402 880 1477 duriorem:
903 1407 1007 1504 quod
1031 1433 1120 1480 cum

107 1519 357 1616 amajoribus
381 1533 418 1591 et
442 1517 677 1593 firmioribus
694 1546 773 1594 esse
801 1523 995 1597 crederem
1014 1528 1121 1626 poly-

105 1641 209 1737 posis
228 1636 560 1724 concretionibus;
578 1638 698 1707 inciso
725 1638 860 1727 corde,
878 1664 958 1710 non
973 1644 1047 1714 nisi
1063 1660 1118 1716 te·
1141 1699 1146 1708 .

105 1781 202 1828 nues
228 1755 430 1854 quasdam,
451 1768 489 1825 et
523 1775 695 1826 mucosus
720 1755 761 1824 in
789 1767 953 1852 utroque
978 1761 1120 1855 pariter

104 1874 319 1946 ventriculo
337 1873 488 1944 inveni:
504 1896 629 1970 neque
654 1869 941 1945 crassitudinem
962 1875 1064 1946 illam
1082 1891 1120 1950 et

106 1991 287 2064 duritiem
306 1989 459 2062 aliunde
473 2013 570 2079 esse,
586 2014 700 2087 quam
717 1989 997 2065 acrassioribus
1012 1989 1117 2067 factis

106 2111 297 2182 columnis
329 2110 494 2196 carneis,
520 2108 619 2178 intra
644 2109 900 2180 ventriculum
922 2111 1116 2184 sinistrum

105 2227 345 2318 extantibus,
368 2242 545 2299 caeterum
575 2225 787 2298 secundum
812 2241 986 2300 naturam
1015 2230 1116 2304 intus

106 2359 285 2442 extraque
305 2369 345 2417 se
357 2331 597 2417 habentibus.

158 2463 211 2535 13.
233 2465 333 2535 Num
351 2463 438 2535 satis
455 2485 641 2561 syncopes
664 2462 770 2534 istius
788 2487 938 2536 causam
959 2490 1115 2567 perspe-

101 2589 222 2654 xerim
247 2605 327 2652 non
349 2604 485 2679 parum
508 2578 652 2651 dubito.
666 2581 916 2680 Quacumque
937 2586 1038 2656 enim
1055 2612 1113 2659 ra·

101 2699 206 2771 tione
221 2693 423 2798 'aggredior
442 2723 523 2770 rem
544 2698 748 2796 explicare,
764 2698 860 2770 illud
878 2701 1018 2793 obstat,
1032 2729 1111 2776 non

101 2817 332 2914 praecessisse
350 2815 439 2888 alias
454 2839 655 2914 syncopes,
678 2831 742 2887 aut
765 2817 897 2888 saltem
914 2820 1030 2890 animi
1045 2822 1111 2893 de-

102 2929 293 3006 fectiones.
316 2937 425 3004 Certe
450 2932 709 3006 erassitudinis
728 2933 828 3004 iniis
850 2935 1112 3009 columnisin-

101 3050 338 3124 crementum
366 3066 511 3149 puncto
538 3051 722 3148 temporis
751 3047 834 3121 fieri
859 3075 937 3122 non
966 3057 1122 3152 potuita

99 3191 171 3239 cur
188 3169 329 3268 igitur,
350 3169 380 3240 si
396 3167 463 3239 ilio
473 3167 551 3265 jam
569 3165 740 3267 perfecto
759 3190 946 3266 syncope,
965 3195 1011 3241 ex
1028 3196 1111 3269 pro·

99 3286 309 3385 pemcdum
339 3283 508 3384 perfecto
528 3285 633 3356 nulla
658 3282 754 3356 facta
780 3299 836 3356 est
862 3275 1111 3386 lipotbymia?

97 3405 199 3475 Num
209 3405 330 3504 ,igitur
355 3405 431 3476 huc
458 3428 613 3502 quoque
636 3401 779 3500 aliquid
798 3401 1015 3478 addendum
1033 3383 1111 3500 est,

97 3533 144 3592 ut
157 3536 247 3619 puta
262 3521 459 3593 convulsio
472 3545 492 3592 a
505 3521 631 3619 pravis
645 3519 841 3594 icboribus
855 3546 899 3592 ex
913 3526 1034 3596 cruris
1051 3526 1111 3596 ul-

98 3663 208 3730 cere,
231 3655 273 3711 ut
300 3639 470 3737 pridem,
491 3639 596 3738 quod
611 3639 833 3736 gelatinosoe
858 3640 928 3712 illae
952 3629 1109 3716 concre-

96 3759 223 3830 tiones
237 3757 446 3829 0stendunt
462 3811 472 3844 ,
492 3759 532 3828 in
547 3756 763 3846 thoracem,
781 3758 832 3830 sic
846 3772 937 3828 tunc
952 3775 1109 3857 repente
1178 3835 1180 3842 ,

96 3867 147 3946 in'
158 3899 364 3947 nervorum
381 3875 613 3973 principium
627 3875 786 3948 invectis
801 3875 816 3945 i
830 3879 901 3946 Per
918 3900 1001 3947 eam
1020 3902 1110 3952 sane

97 3993 202 4068 haud
217 3993 339 4065 multo
358 4016 464 4066 secus
491 4017 606 4090 quam
631 3994 672 4062 in
696 3993 779 4064 viro
796 3993 863 4063 illo
885 3993 1111 4072 Pistoriense
