<?xml version="1.0" encoding="UTF-8"?>
<!DOCTYPE html PUBLIC "-//W3C//DTD XHTML 1.0 Transitional//EN"
    "http://www.w3.org/TR/xhtml1/DTD/xhtml1-transitional.dtd">
<html xmlns="http://www.w3.org/1999/xhtml" xml:lang="en" lang="en">
 <head>
  <title>
</title>
<meta http-equiv="Content-Type" content="text/html;charset=utf-8" />
  <meta name='ocr-system' content='tesseract 3.04.00' />
  <meta name='ocr-capabilities' content='ocr_page ocr_carea ocr_par ocr_line ocrx_word'/>
</head>
<body>
  <div class='ocr_page' id='page_1' title='image "./desedibusetcaus01adelgoog_0248.png"; bbox 0 0 2992 4666; ppageno 0'>
   <div class='ocr_carea' id='block_1_1' title="bbox 249 495 1195 577">
    <p class='ocr_par' dir='ltr' id='par_1_1' title="bbox 249 495 1195 577">
     <span class='ocr_line' id='line_1_1' title="bbox 249 495 1195 577; baseline 0.012 -19"><span class='ocrx_word' id='word_1_1' title='bbox 249 512 317 558; x_wconf 82' lang='lat' dir='ltr'>ms.</span> <span class='ocrx_word' id='word_1_2' title='bbox 344 510 385 557; x_wconf 93' lang='lat'>11.</span> <span class='ocrx_word' id='word_1_3' title='bbox 412 512 459 558; x_wconf 79' lang='lat' dir='ltr'>nu</span> <span class='ocrx_word' id='word_1_4' title='bbox 485 509 621 558; x_wconf 79' lang='lat' dir='ltr'>nonus</span> <span class='ocrx_word' id='word_1_5' title='bbox 645 510 837 577; x_wconf 74' lang='lat' dir='ltr'>ruonucrs,</span> <span class='ocrx_word' id='word_1_6' title='bbox 862 515 973 563; x_wconf 80' lang='lat' dir='ltr'>musr.</span> <span class='ocrx_word' id='word_1_7' title='bbox 1000 515 1097 565; x_wconf 81' lang='lat' dir='ltr'>xxiv.</span> <span class='ocrx_word' id='word_1_8' title='bbox 1127 495 1195 570; x_wconf 74' lang='lat'>255</span> 
     </span>
    </p>
   </div>
   <div class='ocr_carea' id='block_1_2' title="bbox 181 625 1262 4140">
    <p class='ocr_par' dir='ltr' id='par_1_2' title="bbox 181 625 1262 4140">
     <span class='ocr_line' id='line_1_2' title="bbox 200 625 1199 724; baseline 0.01 -28"><span class='ocrx_word' id='word_1_9' title='bbox 200 625 363 698; x_wconf 86' lang='lat' dir='ltr'>tionem:</span> <span class='ocrx_word' id='word_1_10' title='bbox 386 647 499 723; x_wconf 88' lang='lat' dir='ltr'>quam</span> <span class='ocrx_word' id='word_1_11' title='bbox 514 640 572 712; x_wconf 74' lang='lat' dir='ltr'>¹ut</span> <span class='ocrx_word' id='word_1_12' title='bbox 601 628 747 714; x_wconf 86' lang='lat' dir='ltr'>vitaret,</span> <span class='ocrx_word' id='word_1_13' title='bbox 774 625 821 697; x_wconf 93' lang='lat' dir='ltr'>ad</span> <span class='ocrx_word' id='word_1_14' title='bbox 841 629 1038 724; x_wconf 89' lang='lat' dir='ltr'>supinum,</span> <span class='ocrx_word' id='word_1_15' title='bbox 1063 635 1199 706; x_wconf 86' lang='lat' dir='ltr'>autad</span> 
     </span>
     <span class='ocr_line' id='line_1_3' title="bbox 198 741 1198 848; baseline 0.005 -31"><span class='ocrx_word' id='word_1_16' title='bbox 198 747 416 844; x_wconf 83' lang='lat' dir='ltr'>oppositum</span> <span class='ocrx_word' id='word_1_17' title='bbox 431 742 577 816; x_wconf 84' lang='lat' dir='ltr'><strong>redibat</strong></span> <span class='ocrx_word' id='word_1_18' title='bbox 593 745 713 816; x_wconf 87' lang='lat' dir='ltr'>situm.</span> <span class='ocrx_word' id='word_1_19' title='bbox 730 749 787 816; x_wconf 87' lang='lat' dir='ltr'>An</span> <span class='ocrx_word' id='word_1_20' title='bbox 801 741 1045 837; x_wconf 82' lang='lat' dir='ltr'><strong>febricitaret,</strong></span> <span class='ocrx_word' id='word_1_21' title='bbox 1061 775 1105 820; x_wconf 88' lang='lat' dir='ltr'>ex</span> <span class='ocrx_word' id='word_1_22' title='bbox 1117 752 1198 848; x_wconf 90' lang='lat' dir='ltr'>pul·</span> 
     </span>
     <span class='ocr_line' id='line_1_4' title="bbox 200 861 1198 965; baseline 0.003 -29"><span class='ocrx_word' id='word_1_23' title='bbox 200 890 244 936; x_wconf 91' lang='lat' dir='ltr'>su</span> <span class='ocrx_word' id='word_1_24' title='bbox 257 864 443 958; x_wconf 86' lang='lat' dir='ltr'>conjicere</span> <span class='ocrx_word' id='word_1_25' title='bbox 460 887 539 932; x_wconf 92' lang='lat' dir='ltr'>non</span> <span class='ocrx_word' id='word_1_26' title='bbox 552 861 703 950; x_wconf 86' lang='lat' dir='ltr'>licebat,</span> <span class='ocrx_word' id='word_1_27' title='bbox 719 864 858 960; x_wconf 91' lang='lat' dir='ltr'>qnippe</span> <span class='ocrx_word' id='word_1_28' title='bbox 870 865 936 960; x_wconf 92' lang='lat' dir='ltr'>qui</span> <span class='ocrx_word' id='word_1_29' title='bbox 948 867 1102 938; x_wconf 92' lang='lat' dir='ltr'>minime</span> <span class='ocrx_word' id='word_1_30' title='bbox 1117 893 1198 965; x_wconf 87' lang='lat' dir='ltr'>per-</span> 
     </span>
     <span class='ocr_line' id='line_1_5' title="bbox 199 980 1196 1080; baseline 0.004 -25"><span class='ocrx_word' id='word_1_31' title='bbox 199 980 416 1080; x_wconf 89' lang='lat' dir='ltr'>cipiebatur.</span> <span class='ocrx_word' id='word_1_32' title='bbox 431 983 571 1053; x_wconf 84' lang='lat' dir='ltr'>Mortui</span> <span class='ocrx_word' id='word_1_33' title='bbox 583 981 833 1078; x_wconf 89' lang='lat' dir='ltr'>pericardium</span> <span class='ocrx_word' id='word_1_34' title='bbox 845 983 1038 1054; x_wconf 87' lang='lat' dir='ltr'>inventum</span> <span class='ocrx_word' id='word_1_35' title='bbox 1051 1000 1107 1058; x_wconf 88' lang='lat' dir='ltr'>est</span> <span class='ocrx_word' id='word_1_36' title='bbox 1123 989 1196 1059; x_wconf 86' lang='lat' dir='ltr'>val-</span> 
     </span>
     <span class='ocr_line' id='line_1_6' title="bbox 200 1099 1196 1196; baseline 0.006 -26"><span class='ocrx_word' id='word_1_37' title='bbox 200 1099 247 1172; x_wconf 91' lang='lat' dir='ltr'>de</span> <span class='ocrx_word' id='word_1_38' title='bbox 267 1099 479 1187; x_wconf 78' lang='lat' dir='ltr'>dilatatu&#39;m,</span> <span class='ocrx_word' id='word_1_39' title='bbox 505 1099 733 1196; x_wconf 86' lang='lat' dir='ltr'>materiaque</span> <span class='ocrx_word' id='word_1_40' title='bbox 759 1100 975 1196; x_wconf 77' lang='lat' dir='ltr'>purulenta,</span> <span class='ocrx_word' id='word_1_41' title='bbox 1002 1102 1121 1174; x_wconf 89' lang='lat' dir='ltr'>multo</span> <span class='ocrx_word' id='word_1_42' title='bbox 1141 1103 1196 1189; x_wconf 86' lang='lat' dir='ltr'>di-</span> 
     </span>
     <span class='ocr_line' id='line_1_7' title="bbox 199 1217 1195 1315; baseline 0.005 -28"><span class='ocrx_word' id='word_1_43' title='bbox 199 1217 277 1289; x_wconf 91' lang='lat' dir='ltr'>luta</span> <span class='ocrx_word' id='word_1_44' title='bbox 285 1217 853 1315; x_wconf 87' lang='lat' dir='ltr'>sero,oppletum.Corvestiens</span> <span class='ocrx_word' id='word_1_45' title='bbox 864 1217 1081 1290; x_wconf 87' lang='lat' dir='ltr'>membrana</span> <span class='ocrx_word' id='word_1_46' title='bbox 1092 1221 1195 1302; x_wconf 88' lang='lat' dir='ltr'>valde</span> 
     </span>
     <span class='ocr_line' id='line_1_8' title="bbox 199 1328 1198 1434; baseline 0.005 -30"><span class='ocrx_word' id='word_1_47' title='bbox 199 1349 278 1406; x_wconf 90' lang='lat' dir='ltr'>erat</span> <span class='ocrx_word' id='word_1_48' title='bbox 294 1331 521 1406; x_wconf 86' lang='lat' dir='ltr'>crassefacta.</span> <span class='ocrx_word' id='word_1_49' title='bbox 542 1339 596 1404; x_wconf 82' lang='lat' dir='ltr'>Ex</span> <span class='ocrx_word' id='word_1_50' title='bbox 608 1328 693 1404; x_wconf 74' lang='lat' dir='ltr'>&#39;hac</span> <span class='ocrx_word' id='word_1_51' title='bbox 717 1334 764 1406; x_wconf 87' lang='lat' dir='ltr'>ad</span> <span class='ocrx_word' id='word_1_52' title='bbox 780 1333 1031 1434; x_wconf 86' lang='lat' dir='ltr'>pericardium</span> <span class='ocrx_word' id='word_1_53' title='bbox 1048 1336 1129 1408; x_wconf 87' lang='lat' dir='ltr'>duae</span> <span class='ocrx_word' id='word_1_54' title='bbox 1140 1361 1198 1409; x_wconf 85' lang='lat' dir='ltr'>so-</span> 
     </span>
     <span class='ocr_line' id='line_1_9' title="bbox 198 1450 1195 1554; baseline 0.005 -32"><span class='ocrx_word' id='word_1_55' title='bbox 198 1452 297 1541; x_wconf 73' lang='lat' dir='ltr'>lidae,</span> <span class='ocrx_word' id='word_1_56' title='bbox 316 1465 353 1524; x_wconf 91' lang='lat' dir='ltr'>et</span> <span class='ocrx_word' id='word_1_57' title='bbox 371 1450 488 1525; x_wconf 62' lang='lat' dir='ltr'>firmat</span> <span class='ocrx_word' id='word_1_58' title='bbox 503 1450 770 1550; x_wconf 83' lang='lat' dir='ltr'>productiones</span> <span class='ocrx_word' id='word_1_59' title='bbox 788 1451 1022 1543; x_wconf 82' lang='lat' dir='ltr'>ferebantur,</span> <span class='ocrx_word' id='word_1_60' title='bbox 1041 1455 1195 1554; x_wconf 80' lang='lat' dir='ltr'>singulae</span> 
     </span>
     <span class='ocr_line' id='line_1_10' title="bbox 198 1567 1196 1670; baseline 0.005 -30"><span class='ocrx_word' id='word_1_61' title='bbox 198 1569 358 1668; x_wconf 88' lang='lat' dir='ltr'>cylindri</span> <span class='ocrx_word' id='word_1_62' title='bbox 368 1567 504 1658; x_wconf 86' lang='lat' dir='ltr'>forma,</span> <span class='ocrx_word' id='word_1_63' title='bbox 523 1571 637 1642; x_wconf 86' lang='lat' dir='ltr'>crassi</span> <span class='ocrx_word' id='word_1_64' title='bbox 661 1586 699 1642; x_wconf 94' lang='lat' dir='ltr'>et</span> <span class='ocrx_word' id='word_1_65' title='bbox 721 1570 846 1643; x_wconf 88' lang='lat' dir='ltr'>brevis</span> <span class='ocrx_word' id='word_1_66' title='bbox 862 1573 1054 1670; x_wconf 83' lang='lat' dir='ltr'>ligamenti</span> <span class='ocrx_word' id='word_1_67' title='bbox 1067 1575 1196 1664; x_wconf 85' lang='lat' dir='ltr'>instar,</span> 
     </span>
     <span class='ocr_line' id='line_1_11' title="bbox 198 1686 1196 1786; baseline 0.002 -28"><span class='ocrx_word' id='word_1_68' title='bbox 198 1711 265 1758; x_wconf 89' lang='lat' dir='ltr'>cor</span> <span class='ocrx_word' id='word_1_69' title='bbox 294 1686 415 1760; x_wconf 86' lang='lat' dir='ltr'>valide</span> <span class='ocrx_word' id='word_1_70' title='bbox 445 1687 492 1759; x_wconf 86' lang='lat' dir='ltr'>ad</span> <span class='ocrx_word' id='word_1_71' title='bbox 521 1687 772 1786; x_wconf 85' lang='lat' dir='ltr'>pericardium</span> <span class='ocrx_word' id='word_1_72' title='bbox 800 1691 1043 1760; x_wconf 87' lang='lat' dir='ltr'>annectentis.</span> <span class='ocrx_word' id='word_1_73' title='bbox 1072 1691 1196 1761; x_wconf 87' lang='lat' dir='ltr'>Altera</span> 
     </span>
     <span class='ocr_line' id='line_1_12' title="bbox 198 1803 1197 1904; baseline 0.001 -30"><span class='ocrx_word' id='word_1_74' title='bbox 198 1830 317 1904; x_wconf 89' lang='lat' dir='ltr'>prope</span> <span class='ocrx_word' id='word_1_75' title='bbox 329 1805 533 1877; x_wconf 84' lang='lat' dir='ltr'>auriculam</span> <span class='ocrx_word' id='word_1_76' title='bbox 546 1804 736 1876; x_wconf 87' lang='lat' dir='ltr'>dexteram</span> <span class='ocrx_word' id='word_1_77' title='bbox 750 1818 871 1891; x_wconf 86' lang='lat' dir='ltr'>enata,</span> <span class='ocrx_word' id='word_1_78' title='bbox 881 1803 1089 1875; x_wconf 90' lang='lat' dir='ltr'>secundum</span> <span class='ocrx_word' id='word_1_79' title='bbox 1101 1805 1197 1876; x_wconf 91' lang='lat' dir='ltr'>hori-</span> 
     </span>
     <span class='ocr_line' id='line_1_13' title="bbox 197 1920 1196 2020; baseline 0.002 -28"><span class='ocrx_word' id='word_1_80' title='bbox 197 1939 346 2014; x_wconf 84' lang='lat' dir='ltr'>zontem</span> <span class='ocrx_word' id='word_1_81' title='bbox 356 1923 395 1992; x_wconf 91' lang='lat' dir='ltr'>in</span> <span class='ocrx_word' id='word_1_82' title='bbox 405 1921 775 2019; x_wconf 87' lang='lat' dir='ltr'>pericardiianterius</span> <span class='ocrx_word' id='word_1_83' title='bbox 783 1922 879 1994; x_wconf 86' lang='lat' dir='ltr'>latus</span> <span class='ocrx_word' id='word_1_84' title='bbox 890 1920 1088 2020; x_wconf 82' lang='lat' dir='ltr'>pergebat3</span> <span class='ocrx_word' id='word_1_85' title='bbox 1107 1923 1196 1994; x_wconf 86' lang='lat' dir='ltr'>alte·</span> 
     </span>
     <span class='ocr_line' id='line_1_14' title="bbox 198 2039 1197 2140; baseline -0.002 -26"><span class='ocrx_word' id='word_1_86' title='bbox 198 2069 240 2116; x_wconf 88' lang='lat' dir='ltr'>ra</span> <span class='ocrx_word' id='word_1_87' title='bbox 247 2058 372 2116; x_wconf 89' lang='lat' dir='ltr'>autem</span> <span class='ocrx_word' id='word_1_88' title='bbox 382 2040 429 2113; x_wconf 89' lang='lat' dir='ltr'>ab</span> <span class='ocrx_word' id='word_1_89' title='bbox 440 2041 521 2140; x_wconf 91' lang='lat' dir='ltr'>ipso</span> <span class='ocrx_word' id='word_1_90' title='bbox 531 2039 655 2112; x_wconf 90' lang='lat' dir='ltr'>cordis</span> <span class='ocrx_word' id='word_1_91' title='bbox 663 2063 845 2112; x_wconf 90' lang='lat' dir='ltr'>mucrone</span> <span class='ocrx_word' id='word_1_92' title='bbox 854 2041 893 2112; x_wconf 92' lang='lat' dir='ltr'>in</span> <span class='ocrx_word' id='word_1_93' title='bbox 905 2064 1124 2112; x_wconf 89' lang='lat' dir='ltr'>mucronem</span> <span class='ocrx_word' id='word_1_94' title='bbox 1136 2059 1197 2139; x_wconf 85' lang='lat' dir='ltr'>pe·</span> 
     </span>
     <span class='ocr_line' id='line_1_15' title="bbox 197 2157 1196 2257; baseline -0.001 -27"><span class='ocrx_word' id='word_1_95' title='bbox 197 2159 360 2248; x_wconf 88' lang='lat' dir='ltr'>ricardii,</span> <span class='ocrx_word' id='word_1_96' title='bbox 371 2175 474 2232; x_wconf 87' lang='lat' dir='ltr'>tensa</span> <span class='ocrx_word' id='word_1_97' title='bbox 482 2157 587 2247; x_wconf 80' lang='lat' dir='ltr'>adeo,</span> <span class='ocrx_word' id='word_1_98' title='bbox 594 2173 722 2230; x_wconf 92' lang='lat' dir='ltr'>utnon</span> <span class='ocrx_word' id='word_1_99' title='bbox 732 2173 858 2257; x_wconf 87' lang='lat' dir='ltr'>posset</span> <span class='ocrx_word' id='word_1_100' title='bbox 865 2159 928 2231; x_wconf 90' lang='lat' dir='ltr'>ille</span> <span class='ocrx_word' id='word_1_101' title='bbox 939 2159 1094 2257; x_wconf 85' lang='lat' dir='ltr'>systoles</span> <span class='ocrx_word' id='word_1_102' title='bbox 1103 2173 1196 2230; x_wconf 91' lang='lat' dir='ltr'>tem·</span> 
     </span>
     <span class='ocr_line' id='line_1_16' title="bbox 197 2275 1194 2376; baseline 0.003 -29"><span class='ocrx_word' id='word_1_103' title='bbox 197 2302 291 2376; x_wconf 87' lang='lat' dir='ltr'>pore</span> <span class='ocrx_word' id='word_1_104' title='bbox 302 2277 421 2349; x_wconf 89' lang='lat' dir='ltr'>basim</span> <span class='ocrx_word' id='word_1_105' title='bbox 436 2300 565 2349; x_wconf 88' lang='lat' dir='ltr'>versus</span> <span class='ocrx_word' id='word_1_106' title='bbox 581 2275 777 2365; x_wconf 88' lang='lat' dir='ltr'>accedere,</span> <span class='ocrx_word' id='word_1_107' title='bbox 793 2278 864 2348; x_wconf 90' lang='lat' dir='ltr'>nisi</span> <span class='ocrx_word' id='word_1_108' title='bbox 873 2277 1124 2375; x_wconf 89' lang='lat' dir='ltr'>pericardium</span> <span class='ocrx_word' id='word_1_109' title='bbox 1139 2301 1194 2350; x_wconf 88' lang='lat' dir='ltr'>se·</span> 
     </span>
     <span class='ocr_line' id='line_1_17' title="bbox 197 2393 1262 2493; baseline 0.001 -27"><span class='ocrx_word' id='word_1_110' title='bbox 197 2419 284 2466; x_wconf 89' lang='lat' dir='ltr'>cum</span> <span class='ocrx_word' id='word_1_111' title='bbox 301 2393 482 2481; x_wconf 88' lang='lat' dir='ltr'>traheret,</span> <span class='ocrx_word' id='word_1_112' title='bbox 503 2408 541 2466; x_wconf 92' lang='lat' dir='ltr'>et</span> <span class='ocrx_word' id='word_1_113' title='bbox 551 2393 656 2492; x_wconf 93' lang='lat' dir='ltr'>quod</span> <span class='ocrx_word' id='word_1_114' title='bbox 668 2393 922 2493; x_wconf 89' lang='lat' dir='ltr'>consequitur,</span> <span class='ocrx_word' id='word_1_115' title='bbox 938 2393 1191 2493; x_wconf 81' lang='lat' dir='ltr'>diaphragma.</span> <span class='ocrx_word' id='word_1_116' title='bbox 1259 2399 1262 2418; x_wconf 90' lang='lat'>&#39;</span> 
     </span>
     <span class='ocr_line' id='line_1_18' title="bbox 245 2509 1194 2608; baseline 0 -26"><span class='ocrx_word' id='word_1_117' title='bbox 245 2509 278 2582; x_wconf 84' lang='lat'>3.</span> <span class='ocrx_word' id='word_1_118' title='bbox 305 2511 519 2584; x_wconf 90' lang='lat' dir='ltr'>Secundum</span> <span class='ocrx_word' id='word_1_119' title='bbox 535 2511 633 2584; x_wconf 91' lang='lat' dir='ltr'>hanc</span> <span class='ocrx_word' id='word_1_120' title='bbox 652 2510 804 2608; x_wconf 93' lang='lat' dir='ltr'>quidem</span> <span class='ocrx_word' id='word_1_121' title='bbox 828 2511 1004 2584; x_wconf 83' lang='lat' dir='ltr'>Valsa&#39;lvae</span> <span class='ocrx_word' id='word_1_122' title='bbox 1026 2509 1194 2582; x_wconf 87' lang='lat' dir='ltr'>animad-</span> 
     </span>
     <span class='ocr_line' id='line_1_19' title="bbox 196 2627 1194 2727; baseline 0.002 -29"><span class='ocrx_word' id='word_1_123' title='bbox 196 2631 405 2703; x_wconf 87' lang='lat' dir='ltr'>versionem</span> <span class='ocrx_word' id='word_1_124' title='bbox 415 2629 581 2727; x_wconf 90' lang='lat' dir='ltr'>proclive</span> <span class='ocrx_word' id='word_1_125' title='bbox 592 2627 662 2700; x_wconf 92' lang='lat' dir='ltr'>tibi</span> <span class='ocrx_word' id='word_1_126' title='bbox 678 2628 866 2701; x_wconf 88' lang='lat' dir='ltr'>videbitur</span> <span class='ocrx_word' id='word_1_127' title='bbox 881 2629 995 2725; x_wconf 88' lang='lat' dir='ltr'>hujus</span> <span class='ocrx_word' id='word_1_128' title='bbox 1009 2628 1194 2727; x_wconf 68' lang='lat' dir='ltr'>asphyxiae</span> 
     </span>
     <span class='ocr_line' id='line_1_20' title="bbox 197 2745 1193 2845; baseline -0.002 -27"><span class='ocrx_word' id='word_1_129' title='bbox 197 2753 345 2821; x_wconf 82' lang='lat' dir='ltr'>causam</span> <span class='ocrx_word' id='word_1_130' title='bbox 369 2747 596 2844; x_wconf 84' lang='lat' dir='ltr'>intelligere,</span> <span class='ocrx_word' id='word_1_131' title='bbox 618 2746 732 2818; x_wconf 88' lang='lat' dir='ltr'>corde</span> <span class='ocrx_word' id='word_1_132' title='bbox 750 2745 924 2820; x_wconf 80' lang='lat' dir='ltr'>videlicet</span> <span class='ocrx_word' id='word_1_133' title='bbox 946 2748 998 2818; x_wconf 90' lang='lat' dir='ltr'>sic</span> <span class='ocrx_word' id='word_1_134' title='bbox 1024 2745 1193 2845; x_wconf 81' lang='lat' dir='ltr'>alligato,</span> 
     </span>
     <span class='ocr_line' id='line_1_21' title="bbox 196 2863 1194 2963; baseline -0.002 -27"><span class='ocrx_word' id='word_1_135' title='bbox 196 2867 296 2936; x_wconf 91' lang='lat' dir='ltr'>utin</span> <span class='ocrx_word' id='word_1_136' title='bbox 323 2865 557 2938; x_wconf 86' lang='lat' dir='ltr'>extrudendo</span> <span class='ocrx_word' id='word_1_137' title='bbox 583 2865 824 2963; x_wconf 85' lang='lat' dir='ltr'>sanguinem,</span> <span class='ocrx_word' id='word_1_138' title='bbox 847 2865 908 2934; x_wconf 79' lang='lat' dir='ltr'>vix</span> <span class='ocrx_word' id='word_1_139' title='bbox 925 2863 1106 2936; x_wconf 85' lang='lat' dir='ltr'>levissime</span> <span class='ocrx_word' id='word_1_140' title='bbox 1126 2865 1194 2935; x_wconf 90' lang='lat' dir='ltr'>suo</span> 
     </span>
     <span class='ocr_line' id='line_1_22' title="bbox 197 2979 1193 3083; baseline -0.002 -29"><span class='ocrx_word' id='word_1_141' title='bbox 197 2979 301 3082; x_wconf 81' lang='lat' dir='ltr'>fungi</span> <span class='ocrx_word' id='word_1_142' title='bbox 316 2981 449 3079; x_wconf 82' lang='lat' dir='ltr'>officio</span> <span class='ocrx_word' id='word_1_143' title='bbox 471 2999 607 3083; x_wconf 88' lang='lat' dir='ltr'>posset.</span> <span class='ocrx_word' id='word_1_144' title='bbox 630 2989 787 3055; x_wconf 89' lang='lat' dir='ltr'>Causam</span> <span class='ocrx_word' id='word_1_145' title='bbox 811 3007 964 3080; x_wconf 88' lang='lat' dir='ltr'>quoque</span> <span class='ocrx_word' id='word_1_146' title='bbox 983 2981 1130 3077; x_wconf 83' lang='lat' dir='ltr'>assequi</span> <span class='ocrx_word' id='word_1_147' title='bbox 1156 2995 1193 3052; x_wconf 85' lang='lat' dir='ltr'>te</span> 
     </span>
     <span class='ocr_line' id='line_1_23' title="bbox 197 3099 1194 3180; baseline -0.006 -4"><span class='ocrx_word' id='word_1_148' title='bbox 197 3104 346 3180; x_wconf 88' lang='lat' dir='ltr'>credes.</span> <span class='ocrx_word' id='word_1_149' title='bbox 365 3103 595 3175; x_wconf 87' lang='lat' dir='ltr'>imminentis</span> <span class='ocrx_word' id='word_1_150' title='bbox 615 3103 730 3174; x_wconf 89' lang='lat' dir='ltr'>animi</span> <span class='ocrx_word' id='word_1_151' title='bbox 746 3099 963 3173; x_wconf 83' lang='lat' dir='ltr'>defectionis</span> <span class='ocrx_word' id='word_1_152' title='bbox 990 3124 1035 3170; x_wconf 89' lang='lat' dir='ltr'>ex</span> <span class='ocrx_word' id='word_1_153' title='bbox 1055 3111 1194 3170; x_wconf 89' lang='lat' dir='ltr'>tentata</span> 
     </span>
     <span class='ocr_line' id='line_1_24' title="bbox 197 3216 1193 3307; baseline -0.007 -15"><span class='ocrx_word' id='word_1_154' title='bbox 197 3222 440 3294; x_wconf 87' lang='lat' dir='ltr'>conversione</span> <span class='ocrx_word' id='word_1_155' title='bbox 453 3219 616 3294; x_wconf 86' lang='lat' dir='ltr'>thoracis</span> <span class='ocrx_word' id='word_1_156' title='bbox 625 3221 664 3291; x_wconf 91' lang='lat' dir='ltr'>in</span> <span class='ocrx_word' id='word_1_157' title='bbox 679 3221 776 3292; x_wconf 91' lang='lat' dir='ltr'>latus</span> <span class='ocrx_word' id='word_1_158' title='bbox 789 3219 999 3307; x_wconf 82' lang='lat' dir='ltr'>sinistrum3</span> <span class='ocrx_word' id='word_1_159' title='bbox 1013 3216 1193 3287; x_wconf 88' lang='lat' dir='ltr'>nimirum</span> 
     </span>
     <span class='ocr_line' id='line_1_25' title="bbox 197 3334 1194 3438; baseline -0.007 -28"><span class='ocrx_word' id='word_1_160' title='bbox 197 3339 286 3436; x_wconf 91' lang='lat' dir='ltr'>quia</span> <span class='ocrx_word' id='word_1_161' title='bbox 302 3340 462 3437; x_wconf 88' lang='lat' dir='ltr'>plurima</span> <span class='ocrx_word' id='word_1_162' title='bbox 479 3365 562 3437; x_wconf 83' lang='lat' dir='ltr'>quae</span> <span class='ocrx_word' id='word_1_163' title='bbox 580 3338 831 3438; x_wconf 86' lang='lat' dir='ltr'>pericardium</span> <span class='ocrx_word' id='word_1_164' title='bbox 850 3334 1101 3421; x_wconf 89' lang='lat' dir='ltr'>distendebat,</span> <span class='ocrx_word' id='word_1_165' title='bbox 1117 3357 1194 3404; x_wconf 90' lang='lat' dir='ltr'>ma·</span> 
     </span>
     <span class='ocr_line' id='line_1_26' title="bbox 181 3453 1192 3554; baseline -0.004 -28"><span class='ocrx_word' id='word_1_166' title='bbox 181 3457 310 3546; x_wconf 88' lang='lat' dir='ltr'>teria,</span> <span class='ocrx_word' id='word_1_167' title='bbox 334 3472 425 3528; x_wconf 90' lang='lat' dir='ltr'>tunc</span> <span class='ocrx_word' id='word_1_168' title='bbox 447 3457 560 3553; x_wconf 78' lang='lat' dir='ltr'>huJ&#39;us</span> <span class='ocrx_word' id='word_1_169' title='bbox 582 3481 808 3530; x_wconf 88' lang='lat' dir='ltr'>mucronem</span> <span class='ocrx_word' id='word_1_170' title='bbox 824 3453 998 3554; x_wconf 83' lang='lat' dir='ltr'>gravabat</span> <span class='ocrx_word' id='word_1_171' title='bbox 1015 3453 1192 3536; x_wconf 86' lang='lat' dir='ltr'>maxime,</span> 
     </span>
     <span class='ocr_line' id='line_1_27' title="bbox 198 3573 1194 3673; baseline -0.004 -29"><span class='ocrx_word' id='word_1_172' title='bbox 198 3597 319 3671; x_wconf 91' lang='lat' dir='ltr'>eoque</span> <span class='ocrx_word' id='word_1_173' title='bbox 334 3574 559 3648; x_wconf 86' lang='lat' dir='ltr'>resistentias</span> <span class='ocrx_word' id='word_1_174' title='bbox 574 3573 733 3673; x_wconf 84' lang='lat' dir='ltr'>augebat</span> <span class='ocrx_word' id='word_1_175' title='bbox 749 3573 855 3646; x_wconf 85' lang='lat' dir='ltr'>cordi</span> <span class='ocrx_word' id='word_1_176' title='bbox 878 3597 916 3646; x_wconf 93' lang='lat' dir='ltr'>se</span> <span class='ocrx_word' id='word_1_177' title='bbox 937 3585 1194 3657; x_wconf 87' lang='lat' dir='ltr'>contracturo,</span> 
     </span>
     <span class='ocr_line' id='line_1_28' title="bbox 198 3690 1191 3790; baseline -0.007 -28"><span class='ocrx_word' id='word_1_178' title='bbox 198 3705 241 3762; x_wconf 92' lang='lat' dir='ltr'>ut</span> <span class='ocrx_word' id='word_1_179' title='bbox 254 3691 361 3762; x_wconf 87' lang='lat' dir='ltr'>nullo</span> <span class='ocrx_word' id='word_1_180' title='bbox 377 3692 453 3788; x_wconf 88' lang='lat' dir='ltr'>jam</span> <span class='ocrx_word' id='word_1_181' title='bbox 469 3690 585 3761; x_wconf 92' lang='lat' dir='ltr'>modo</span> <span class='ocrx_word' id='word_1_182' title='bbox 603 3716 713 3764; x_wconf 89' lang='lat' dir='ltr'>sunm</span> <span class='ocrx_word' id='word_1_183' title='bbox 735 3692 869 3790; x_wconf 87' lang='lat' dir='ltr'>exequi</span> <span class='ocrx_word' id='word_1_184' title='bbox 886 3691 1024 3764; x_wconf 87' lang='lat' dir='ltr'>valeret</span> <span class='ocrx_word' id='word_1_185' title='bbox 1044 3709 1191 3758; x_wconf 91' lang='lat' dir='ltr'>munus.</span> 
     </span>
     <span class='ocr_line' id='line_1_29' title="bbox 198 3801 1195 3906; baseline -0.006 -28"><span class='ocrx_word' id='word_1_186' title='bbox 198 3809 467 3882; x_wconf 82' lang='lat' dir='ltr'>Verumtamen</span> <span class='ocrx_word' id='word_1_187' title='bbox 476 3831 554 3882; x_wconf 88' lang='lat' dir='ltr'>esse</span> <span class='ocrx_word' id='word_1_188' title='bbox 566 3807 689 3906; x_wconf 84' lang='lat' dir='ltr'>aliqua</span> <span class='ocrx_word' id='word_1_189' title='bbox 699 3807 852 3885; x_wconf 85' lang='lat' dir='ltr'>fortasse</span> <span class='ocrx_word' id='word_1_190' title='bbox 865 3809 1022 3905; x_wconf 87' lang='lat' dir='ltr'>possint,</span> <span class='ocrx_word' id='word_1_191' title='bbox 1034 3829 1115 3902; x_wconf 88' lang='lat' dir='ltr'>quae</span> <span class='ocrx_word' id='word_1_192' title='bbox 1126 3801 1195 3874; x_wconf 88' lang='lat' dir='ltr'>tibi</span> 
     </span>
     <span class='ocr_line' id='line_1_30' title="bbox 200 3921 1195 3998; baseline -0.005 -3"><span class='ocrx_word' id='word_1_193' title='bbox 200 3922 351 3997; x_wconf 90' lang='lat' dir='ltr'>obstant</span> <span class='ocrx_word' id='word_1_194' title='bbox 365 3949 445 3995; x_wconf 89' lang='lat' dir='ltr'>rem</span> <span class='ocrx_word' id='word_1_195' title='bbox 462 3923 509 3994; x_wconf 91' lang='lat' dir='ltr'>ad</span> <span class='ocrx_word' id='word_1_196' title='bbox 526 3923 634 3995; x_wconf 91' lang='lat' dir='ltr'>illum</span> <span class='ocrx_word' id='word_1_197' title='bbox 651 3927 807 3998; x_wconf 89' lang='lat' dir='ltr'>modum</span> <span class='ocrx_word' id='word_1_198' title='bbox 822 3926 1067 3998; x_wconf 81' lang='lat' dir='ltr'>intellectum.</span> <span class='ocrx_word' id='word_1_199' title='bbox 1087 3921 1195 3992; x_wconf 90' lang='lat' dir='ltr'>Mitto</span> 
     </span>
     <span class='ocr_line' id='line_1_31' title="bbox 203 4035 1196 4140; baseline -0.006 -27"><span class='ocrx_word' id='word_1_200' title='bbox 203 4066 245 4113; x_wconf 85' lang='lat' dir='ltr'>ea</span> <span class='ocrx_word' id='word_1_201' title='bbox 277 4067 357 4140; x_wconf 84' lang='lat' dir='ltr'>quae</span> <span class='ocrx_word' id='word_1_202' title='bbox 382 4039 592 4114; x_wconf 82' lang='lat' dir='ltr'>aValsalva</span> <span class='ocrx_word' id='word_1_203' title='bbox 619 4042 700 4137; x_wconf 90' lang='lat' dir='ltr'>ipso</span> <span class='ocrx_word' id='word_1_204' title='bbox 728 4044 910 4140; x_wconf 86' lang='lat' dir='ltr'>accepisse</span> <span class='ocrx_word' id='word_1_205' title='bbox 948 4038 1118 4126; x_wconf 88' lang='lat' dir='ltr'>memini,</span> <span class='ocrx_word' id='word_1_206' title='bbox 1149 4035 1196 4107; x_wconf 89' lang='lat' dir='ltr'>de</span> 
     </span>
    </p>
   </div>
   <div class='ocr_carea' id='block_1_3' title="bbox 0 0 1501 4666">
    <p class='ocr_par' dir='ltr' id='par_1_3' title="bbox 0 0 1501 4666">
     <span class='ocr_line' id='line_1_32' title="bbox 0 0 1501 4666; baseline 0 0"><span class='ocrx_word' id='word_1_207' title='bbox 0 0 1501 4666; x_wconf 95' lang='lat' dir='ltr'> </span> 
     </span>
    </p>
   </div>
  </div>
 </body>
</html>
