2820 4668
361 443 435 532 480
527 465 574 514 us
601 463 746 514 srnraus
772 462 1194 516 arcans1suounoaou

404 584 522 651 Porro
551 580 693 650 arteriae
721 601 865 676 maguae
892 591 1051 651 truncus
1076 581 1230 654 multum
1252 579 1314 652 dila·

357 713 457 770 tatus
475 695 521 766 ab
541 697 585 766 iis
603 694 761 766 valvulis
780 693 828 766 ad
843 719 930 768 vasa
944 720 1066 794 usque
1082 697 1314 796 superiora,ab

358 815 419 888 his
448 830 571 886 autem
598 813 779 898 ulterius,
808 815 980 910 quamvis
1008 816 1157 902 minus,
1183 815 1313 886 dilatatus

358 947 486 1004 tamen
507 986 517 1020 ‚
546 929 752 1030 parietibus
779 930 935 1026 insuper
956 955 976 1002 a
997 931 1112 1004 corde
1134 931 1314 1026 illususque

361 1047 627 1135 crassioribus,
648 1063 684 1118 et
701 1046 943 1135 durioribus,
960 1045 1053 1120 facie
1069 1064 1194 1122 autem
1211 1050 1314 1118 interra

361 1169 517 1268 passim,
533 1167 737 1263 praesertim
752 1189 843 1239 vero
863 1165 930 1236 ubi
949 1167 1071 1262 major
1085 1182 1166 1238 crat
1175 1164 1312 1266 dilatatio.

362 1284 557 1382 inaequali,
575 1307 645 1355 nec
666 1285 745 1354 sine
766 1282 881 1366 albis,
903 1283 1125 1358 subflavisve
1149 1283 1250 1356 initiis
1267 1305 1313 1350 cre·

361 1402 537 1476 berrimis
555 1399 671 1472 futuri
693 1403 797 1473 ossis.
817 1406 913 1474 Tum
935 1403 1139 1501 pulmones
1155 1400 1313 1498 diligentiu

363 1521 545 1594 scrutanti
574 1518 695 1589 nihilo
721 1519 807 1616 plus
835 1545 950 1616 quam
980 1534 1114 1608 antea,
1145 1517 1231 1612 mihi
1251 1515 1313 1586 licuit

365 1636 672 1736 deprehendere,
689 1637 761 1708 nisi
775 1653 922 1733 partem
939 1662 1070 1710 eorum
1087 1633 1270 1735 quamdam
1278 1629 1312 1701 ubi

363 1755 523 1847 subduci
532 1749 760 1826 videbantur
773 1781 782 1823 ε
795 1779 878 1851 quae
892 1769 1017 1828 tamen
1031 1755 1149 1828 incisa
1162 1749 1312 1824 naturalem

366 1873 676 1964 constitutionem
710 1871 910 1960 ostendit,
940 1887 977 1945 et
1004 1871 1204 1945 humorem
1233 1866 1313 1940 alhuu

367 1983 523 2089 ¹quidem
537 2043 549 2078 ,
574 2003 611 2060 et
636 2013 885 2088 spumosum,
909 1990 974 2064 sed
999 2015 1079 2062 non
1108 1991 1220 2063 alium
1239 2005 1315 2079 neque

261 2103 263 2111 ’
367 2107 584 2180 uberiorem
598 2161 608 2195 ‚
620 2131 741 2204 quam
756 2100 802 2178 ex
818 2106 899 2178 aliis
915 2131 1047 2180 eorum
1064 2105 1227 2206 partibus
1241 2097 1315 2196 expri-

368 2250 511 2316 meres,
526 2251 571 2298 ex
586 2223 766 2314 omnibus
782 2240 907 2298 autem
923 2217 1315 2323 exprimebaturomnint

369 2367 522 2442 paucus.
538 2343 664 2414 Cranii
681 2341 865 2439 denique,
880 2367 968 2414 nam
984 2358 1157 2414 ventrem
1170 2365 1237 2413 nou
1247 2331 1315 2409 secui·

340 2455 343 2461 ’
370 2485 476 2548 mus,
489 2460 619 2531 avulso
631 2458 797 2548 fornice,
811 2475 848 2532 et
862 2485 948 2536 mox
960 2475 1059 2534 secta
1069 2460 1168 2534 dura
1181 2455 1313 2547 meninge»

371 2576 480 2671 cujus
504 2600 703 2673 processus
735 2575 891 2666 falcatus
923 2578 1026 2649 visus
1051 2593 1108 2650 est
1131 2575 1280 2654 crassior,
1296 2576 1315 2632 et

372 2688 532 2781 durior,
566 2693 662 2764 nihil
694 2708 825 2778 extra,
862 2709 926 2770 aut
949 2696 1051 2774 ,iutra
1080 2693 1277 2770 cerebrum,
1296 2692 1315 2748 et

372 2811 613 2899 cerebellum,
628 2835 795 2908 quorum
809 2809 919 2882 firma
933 2829 1013 2886 erat
1024 2811 1234 2896 substantia,
1243 2819 1315 2898 repet·

371 2944 454 3002 tum
477 2929 649 3025 estquod
666 2943 883 3016 annotares,
902 2931 975 3002 nisi
992 2954 1093 3027 ¹aqua
1107 2930 1147 3000 in
1162 2917 1315 2998 lateralibus

372 3037 592 3120 ventriculis
615 3071 693 3116 tion
715 3046 959 3142 paucissima,
986 3052 1066 3142 ejus
1086 3031 1315 3138 similisque

373 3165 528 3237 thorace
550 3163 738 3260 descripta
761 3177 839 3251 est3
865 3164 997 3261 plexus
1025 3179 1154 3238 autem
1177 3149 1317 3233 choroides

368 3281 552 3354 nonnihil
581 3281 807 3366 decolores;
843 3297 886 3352 ut
920 3279 1159 3354 manifestum
1179 3289 1257 3352 esset
1271 3288 1317 3340 sau·

376 3402 552 3499 guinem,
569 3399 634 3495 qui
654 3401 765 3484 ,secter
775 3399 926 3488 cranio,
945 3397 1225 3484 defluxerat,ex
1236 3385 1316 3462 taesisa

376 3542 478 3590 serra
508 3517 729 3613 meningum
754 3517 850 3588 vasis
877 3541 965 3588 cum
994 3541 1090 3615 aqua
1118 3515 1253 3588 fortasse
1272 3518 1316 3597 qut

375 3637 475 3718 intra
488 3657 550 3707 eas
564 3647 680 3722 esset,
695 3631 891 3731 prodiisse.

426 3754 483 3841 34.
504 3750 605 3841 Quid
623 3750 855 3847 inaequalitas
871 3765 985 3822 aortae
1002 3750 1173 3836 interior,
1186 3737 1265 3843 'quid
1273 3733 1318 3826 ejus

286 3948 290 3956 ,
376 3873 592 3944 tunicarum
606 3868 778 3958 durities,
792 3869 887 3967 quid
898 3869 1065 3941 dilatatio
1077 3869 1217 3940 demum
1226 3848 1319 3974 possut

377 3987 638 4087 impedimenti
655 3983 788 4060 afferre
806 3988 1000 4087 sanguinis
1019 3987 1155 4076 motui,
1173 3979 1244 4056 satis
1258 3974 1284 4042 iu
1294 3981 1318 4032 1¹³
