2816 4668
334 492 405 578 lon
502 509 549 556 nr
576 505 722 556 snnrnru
746 505 791 555 nr
817 502 941 554 cnnsrs
967 502 1173 554 monacnum

382 620 454 694 Sed
467 613 731 718 altera,'quam
749 643 832 691 sum
848 617 1056 719 pollicitus,
1071 619 1267 691 observatio
1276 619 1308 690 ad
1371 667 1372 694 t

332 739 454 812 multo
472 739 638 837 gravius,
664 737 806 836 quippe
822 735 947 807 cordis
965 737 1098 835 ipsius,
1113 737 1238 808 vitium
1251 738 1309 808 atti·

331 871 417 946 net,
437 857 544 928 ulcus
563 855 712 928 scilicet.
733 859 822 924 Eam
841 878 919 924 non
940 853 1250 952 pluribus„quam
1269 879 1310 924 so-

330 977 520 1076 periorem
532 1029 542 1062 ,
556 955 1038 1070 v'erbis'compre'hendam,
1053 988 1150 1070 quot
1162 973 1308 1042 nimirum

331 1117 376 1164 ex
396 1093 479 1190 ipso
495 1089 680 1162 Albertini
699 1113 764 1161 ore
784 1091 932 1186 accepi,
947 1091 1013 1187 qui
1027 1087 1096 1161 sub
1109 1103 1307 1188 praeceptore

332 1209 540 1308 Malpighio
559 1222 690 1279 noctes
715 1205 870 1306 diesque
889 1220 988 1304 aegro
1006 1205 1204 1279 assederat.

385 1351 440 1424 17.
462 1322 660 1396 Praefectus
677 1325 771 1396 arcis
778 1323 924 1395 Urbani
939 1322 1074 1395 crebro
1088 1324 1137 1394 ad
1149 1325 1308 1423 regionem

240 1525 241 1528 Ἴ
334 1443 460 1518 cordis
473 1442 626 1532 dolore,
645 1441 797 1514 ethunc
809 1455 1068 1538 consequente
1086 1465 1245 1542 syncope
1257 1462 1309 1511 cor·

331 1561 552 1660 ripiebatur.
569 1564 685 1631 Caute
698 1585 718 1631 a
729 1559 1309 1658 Malpighio,diligenterquecura·

329 1693 412 1769 tus,
430 1677 551 1751 videri
566 1693 714 1777 poterat
729 1677 983 1767 convaluisse,
1003 1701 1091 1749 cum
1106 1677 1262 1775 denique
1274 1671 1287 1744 l
1296 1713 1308 1726 ν

328 1795 398 1870 bre
418 1812 526 1869 acuta
543 1795 769 1896 prehensus,
792 1792 1061 1894 conlectusque
1077 1810 1144 1868 est.
1168 1799 1212 1865 In
1224 1789 1306 1865 corde

333 1931 370 1989 et
387 1915 540 2014 polypi,
561 1927 598 1986 et
617 1913 728 1985 ulcus
744 1927 893 2012 reperta
914 1905 1010 1984 subt.

389 2033 442 2104 18.
463 2037 559 2104 Cave
579 2031 683 2102 hunc
706 2055 785 2102 esse
801 2030 930 2102 credas
946 2029 1123 2102 eumdem
1139 2031 1230 2102 arcis
1242 2029 1309 2124 ejus·

338 2151 426 2224 dem
444 2148 678 2248 praefectum,
699 2149 805 2243 cujus
824 2147 1002 2220 morbum
1026 2163 1063 2220 et
1079 2149 1308 2222 dissectionen

332 2267 561 2366 Malpighiu's
583 2267 663 2366 ipse
687 2265 745 2365 (r)
770 2268 1101 2356 commemoravit,
1134 2265 1308 2338 acutissimo

333 2384 457 2456 dolori
470 2383 517 2454 ad
536 2398 704 2454 sternum
719 2399 759 2456 et
774 2381 974 2455 brachium
990 2384 1154 2454 alterum
1174 2378 1308 2462 obnoxii,

334 2517 371 2574 et
396 2513 468 2572 cor'
483 2499 658 2572 habentis
685 2501 789 2599 quod
813 2503 1005 2598 geminum
1032 2526 1100 2572 cor
1128 2497 1308 2600 superabat,

332 2643 420 2692 cum
437 2619 581 2716 ingenti
598 2619 740 2718 polypo
759 2619 799 2688 in
815 2620 980 2690 auricula
999 2619 1079 2715 ejus
1091 2618 1248 2690 dextera.
1262 2611 1308 2684 Ille

331 2737 434 2808 enim
454 2761 499 2807 ex
523 2735 761 2826 Baldeschia,
786 2737 849 2809 hic
874 2763 918 2808 ex
936 2737 1165 2827 Passionaea,
1192 2737 1307 2808 sirecte

229 2854 232 2856 ’
332 2855 511 2943 memini,
530 2852 764 2926 nobilissima
783 2870 894 2951 gente
913 2851 1006 2943 fuit,
1026 2879 1152 2952 neque
1170 2853 1220 2925 illi
1230 2837 1307 2922 'asse

331 2973 429 3045 disse
447 2971 667 3044 albertinus
690 2987 859 3070 poterat,
888 2973 1029 3072 quippe
1057 2989 1210 3044 mortuo
1235 2988 1307 3040 anno

319 3091 452 3189 Ι1667;
472 3109 608 3188 neque
622 3088 776 3160 demum
801 3090 958 3162 morbus
983 3116 1069 3162 cum
1091 3089 1226 3162 morbo
1244 3108 1307 3158 con·

331 3210 454 3296 venit,
473 3223 536 3278 aut
553 3207 728 3279 dissectio
746 3233 830 3279 cum
847 3209 1082 3282 dissectione.
1102 3213 1271 3280 Caeterum
1284 3215 1307 3271 te

332 3350 414 3395 non
430 3337 524 3422 puto
540 3349 585 3396 ex
605 3325 651 3397 iis
675 3323 754 3396 fore
778 3329 844 3424 qui
866 3327 1025 3398 Harreio
1047 3327 1161 3399 nimis
1182 3319 1306 3402 addicti,

334 3467 380 3513 ex
396 3441 521 3512 ulcere
539 3441 710 3516 dolorem
724 3444 848 3516 cordis
865 3441 998 3535 fuisse,
1018 3447 1218 3528 mirentur,
1231 3433 1306 3538 quod

332 3560 415 3658 ipse
431 3556 485 3653 (a)
512 3559 681 3632 insensile
709 3586 788 3633 esse
818 3563 999 3652 docebat,
1028 3578 1225 3662 propterea
1244 3552 1307 3654 quil

335 3675 573 3772 adolescens,
591 3679 652 3748 cui
670 3703 756 3749 raro
768 3703 856 3750 casu
867 3699 999 3752 mucro
1013 3680 1136 3754 cordis
1152 3677 1248 3776 tangi
1258 3693 1307 3770 po

334 3843 1309 3882 Ἢ

374 3961 418 4038 (r)
439 3965 497 4036 Op.
510 3957 676 4036 posth..ubi
689 3961 725 4018 de
734 3963 848 4039 polypo
863 3965 970 4022 cordis.

376 4061 420 4137 (a)
441 4065 485 4118 De
499 4073 630 4140 generat.
644 4063 763 4170 anipnal.
778 4065 958 4123 exercit'fia.
