2800 4674
293 461 358 536 162
454 487 501 532 me
527 483 673 532 seorsus
698 485 742 528 rr
767 481 891 529 oausrs
917 481 1129 530 nonnosum

287 598 553 688 buswfebricula
563 597 725 668 accessit.
737 597 836 686 Qua,
849 612 886 668 et
899 595 1066 695 spirandi
1079 577 1297 668 difficultate

286 718 348 788 illa
363 715 574 788 identidem·
587 715 722 811 magis,
739 729 853 785 noctu
869 729 993 784 autem
1009 715 1217 812 praesertim
1233 739 1295 785 ur·

287 851 418 934 gente,
434 833 481 904 ad
498 833 677 918 maciem,
697 849 734 903 et
749 831 793 902 ad
813 847 1016 904 extremam
1031 833 1169 904 virium
1186 831 1293 902 infir-

286 955 454 1024 mitatem
467 950 603 1024 mulier
616 948 787 1038 redacta,
807 951 868 1019 vix
886 963 928 1020 ut
941 949 1027 1020 exili
1038 975 1131 1022 voce
1152 949 1200 1022 de
1216 947 1294 1020 sau-

286 1071 388 1142 cium
406 1069 595 1156 musione,
615 1066 811 1164 inquibus
829 1067 882 1137 nil
900 1067 971 1140 tale
993 1070 1162 1166 conspici
1187 1083 1292 1165 pote-

286 1203 359 1275 rat,
377 1201 614 1284 quereretur,
637 1199 787 1256 mortua
804 1199 859 1257 est
876 1183 935 1256 die
955 1201 1041 1284 post
1056 1211 1194 1256 novam
1214 1209 1292 1257 res·

284 1304 483 1403 piratipnis
497 1301 759 1374 difficultatem
773 1301 922 1376 decimo
937 1304 1082 1401 quinto.
1102 1307 1189 1374 Haec
1207 1327 1292 1373 cum

285 1448 359 1521 ego
388 1423 572 1520 amicique
598 1419 645 1493 ab
667 1408 877 1492 nosocomii
902 1421 1065 1510 medicO,
1092 1421 1293 1520 diligente,

284 1565 331 1612 ac
350 1539 473 1638 probo
498 1541 603 1628 viro,
624 1543 786 1611 Senense
809 1539 983 1610 Riualdio
1003 1540 1295 1638 accepissemus,

285 1673 438 1758 rogatus
451 1658 497 1729 ab
505 1656 701 1744 omnibus,
713 1657 871 1755 ipsoque
888 1657 1060 1729 Rinaldio
1076 1656 1294 1754 adjuvante,

284 1777 445 1849 cadaver
455 1776 616 1849 dissecui
631 1776 703 1848 sub
717 1775 844 1874 aprilis
857 1776 1008 1848 initium
1023 1776 1113 1854 anni
1130 1777 1233 1874 1708.

333 1899 467 1969 Pectus
484 1921 570 1968 cum
586 1893 753 1966 incidere
772 1895 986 1993 coepissem,
1007 1907 1043 1966 et
1056 1895 1290 1993 cartilagines

284 2039 354 2114 per
373 2037 465 2112 quas
484 2028 592 2085 costae
612 2035 699 2083 cum
719 2027 846 2083 sterno
867 2013 1176 2100 committuntur,
1191 2036 1290 2084 seca·

284 2155 384 2220 rem,
401 2145 557 2201 cruenta
573 2153 670 2226 aqua
685 2129 825 2226 prodiit
843 2155 864 2202 e
882 2131 1034 2202 sinistro
1053 2129 1218 2201 thoracis
1237 2153 1292 2201 ca-

285 2273 354 2319 vo:
374 2245 481 2344 quod
494 2243 582 2316 mox
593 2245 723 2317 eadem
739 2247 894 2345 plenum
911 2230 1100 2346 conspexi.
1120 2251 1217 2319 Cum
1230 2272 1290 2334 ea,

285 2367 354 2437 etsi
370 2363 497 2435 nullus
521 2365 642 2460 gravis
660 2363 757 2434 odor
781 2389 825 2436 ex
840 2361 940 2463 ipsa,
963 2380 1026 2436 aut
1043 2391 1088 2438 ex
1108 2365 1289 2462 pulmone

285 2471 476 2570 existeret,
493 2505 566 2580 pus
585 2496 714 2552 tamen
741 2483 963 2579 permistum
982 2479 1094 2555 fuisse
1117 2507 1198 2554 non
1220 2481 1289 2553 du·

282 2599 414 2686 hitavi,
431 2623 519 2670 cum
535 2599 756 2696 pulmonem
772 2599 818 2671 ad
833 2601 947 2670 imam
965 2601 1192 2672 anteriorem
1205 2623 1288 2697 par·

283 2731 362 2788 tem
373 2731 594 2816 corruptum
604 2717 791 2805 viderem,
804 2717 1290 2816 absumptumque,magna

282 2835 337 2906 ibi
353 2857 466 2906 cavea
482 2835 582 2905 ultro
601 2859 640 2907 se
657 2833 776 2907 oculis
788 2833 1000 2932 objiciente.
1011 2835 1087 2907 'Sed
1105 2849 1142 2906 et
1154 2835 1288 2907 dissec·
1393 2871 1394 2892 2

281 2967 359 3042 tus,
374 2951 437 3023 hic
449 2951 524 3024 illic
534 2952 702 3023 ostendit
714 2952 760 3023 ad
773 2967 914 3024 tractus
926 2977 1005 3023 non
1016 2952 1187 3024 modicos
1202 2950 1288 3022 sub-

283 3069 476 3155 stantiam,
487 3069 611 3166 primo
627 3069 966 3167 quidem‘aspectu,
982 3085 1019 3141 et
1035 3069 1289 3166 inquisitione,

284 3201 480 3271 steatoma,
506 3184 679 3256 albedine
697 3185 889 3275 videlicet,
908 3211 951 3257 ac
971 3185 1204 3258 firmitudine
1224 3187 1288 3255 ali·

283 3327 359 3400 qua
378 3301 623 3390 referentem
640 3299 707 3374 sed
722 3301 791 3372 ubi
802 3302 925 3374 cultro
940 3303 1171 3391 dimoveres,
1186 3303 1287 3374 simi-

281 3420 415 3492 liorem
434 3419 645 3516 purulentae
661 3421 834 3500 materiae.
857 3421 1038 3518 Reliquus
1067 3419 1202 3519 pulmo
1215 3419 1288 3488 mi·
1329 3485 1334 3493 .

282 3537 384 3608 nime
404 3536 540 3624 durus,
569 3536 783 3608 rubicundo
808 3554 903 3627 erat,
920 3539 1029 3636 quasi
1049 3563 1070 3608 a
1092 3551 1288 3634 stagnante

282 3655 481 3752 sanguine,
501 3655 627 3726 colore
646 3653 815 3727 inlectus.
839 3654 962 3728 Multo
983 3679 1097 3753 quam
1116 3655 1288 3740 sinister,

280 3773 406 3843 minus
424 3773 574 3842 vitiatus
597 3785 680 3843 erat
695 3772 831 3871 pulmo
856 3773 1007 3863 dexter,
1033 3773 1163 3870 utqui
1188 3772 1286 3842 intra

281 3913 361 3960 non
382 3889 612 3960 sanissimam
628 3890 798 3986 quidem,
815 3889 886 3962 'sed
910 3907 1036 3962 tamen
1048 3890 1180 3961 leviter
1199 3911 1287 3986 pec-

283 4022 450 4093 cantem,
470 4003 714 4078 substantiam
732 4031 840 4080 suam
861 4010 1066 4106 pauciora,
1085 4021 1122 4080 et
1139 4007 1288 4077 minora
