2850 4668
164 466 236 512 un.
265 465 381 512 usus
406 465 541 512 uonsts
565 465 759 530 ruonacrs,
785 468 896 518 srisr.
923 473 995 532 xxi.
1049 447 1096 545 75

90 605 224 654 verum
243 605 324 654 non
345 580 578 678 processisse.
593 578 757 654 Confusa¹
774 581 944 672 demum,
957 601 993 658 et
1009 585 1096 658 sub·

92 699 367 786 deliramento,
384 723 472 772 mox
485 699 595 770 etiarn
610 698 801 796 pulsibus,
820 701 884 796 qui
901 705 1013 790 tensi,
1028 729 1097 780 nec

90 822 384 894 intermittentes
395 817 554 908 fuerant,
564 819 979 909 sensimdeficientibus‚
990 824 1098 898 initio
1189 907 1193 912 ,

92 939 387 1011 dieiundecimae
406 939 601 1013 interiisse.
623 940 714 1028 Quae
731 959 817 1010 cum
841 964 973 1014 omnes
992 940 1099 1013 audi-

91 1059 293 1142 vissemus,
306 1072 387 1134 tum
401 1080 493 1155 ego:
510 1085 527 1122 «
538 1056 615 1151 jam
629 1057 762 1141 nostis,
775 1057 946 1153 inquam,
963 1059 1002 1130 in
1015 1058 1099 1156 pul·
1182 1113 1185 1119 .

91 1203 109 1240 2>
126 1199 243 1246 mone
266 1174 358 1272 quid
379 1197 528 1245 mecum
550 1172 676 1250 videre
701 1174 885 1268 ejusmodi
899 1177 938 1246 in
958 1175 1100 1248 morbis

92 1322 109 1358 s
128 1294 412 1366 consueveritis.
431 1291 582 1363 Vidistis
597 1292 753 1390 insuper
763 1293 968 1390 aliquando
989 1295 1100 1366 etiam

91 1439 108 1476 »
122 1411 162 1482 in
174 1411 310 1509 pleura
324 1410 483 1484 laesionis
493 1407 654 1506 aliquid:
669 1411 708 1482 in
720 1411 999 1508 diaphragmate
1010 1436 1103 1509 quo·

91 1557 108 1592 »
124 1551 199 1625 que
211 1553 284 1627 ego
295 1527 447 1626 quidem
455 1529 972 1626 nonnunquamvidi(1),cum
983 1529 1102 1627 perip-

92 1675 109 1710 »
123 1648 346 1718 neumonici
359 1670 465 1718 mens
477 1645 653 1718 labasset:
667 1662 704 1718 at
717 1671 812 1744 saepe
823 1671 959 1744 aquam
974 1647 1012 1716 in
1024 1645 1102 1718 tho

93 1787 243 1835 »racer
264 1763 384 1834 multo
397 1777 522 1833 autem
535 1765 667 1860 saepius
686 1763 888 1862 polyposas
906 1765 946 1834 in
965 1763 1101 1852 corde,

93 1881 308 1976 »vasisque
335 1881 489 1950 annexis
512 1881 783 1950 concretiones.
810 1884 872 1948 Hae
889 1895 1034 1966 tamen,
1067 1896 1103 1952 et

92 2026 109 2061 s
127 1997 193 2068 illa
208 1994 316 2066 facile
333 1995 462 2088 deesse
476 2009 635 2091 possunt
650 1995 689 2064 in
705 1993 779 2070 hoc
793 2017 899 2082 casu3
916 1995 999 2083 illa,
1017 2020 1102 2068 cum

91 2144 109 2177 »
129 2127 238 2184 tanta
257 2114 330 2184 seri
348 2112 456 2210 copia
473 2113 519 2183 sit
541 2137 610 2210 per
630 2112 702 2182 alvi
715 2110 858 2185 fluxum
878 2114 1015 2209 ejecta3
1033 2113 1103 2202 hae,

93 2253 220 2300 scum
241 2230 280 2300 in
300 2231 412 2302 misso
427 2231 609 2327 sanguine
623 2245 744 2302 crusta
761 2229 874 2304 fuerit
890 2231 1003 2302 nulla.
1022 2261 1040 2296 >2

142 2345 312 2436 Thorax,
324 2373 409 2419 cum
422 2347 500 2419 haec
513 2347 685 2424 dixissem
696 2402 706 2437 ,
719 2345 918 2422 subuculis
931 2349 1102 2436 omniurn
1208 2393 1217 2402 ·

97 2466 282 2537 continuo
307 2467 511 2554 reclusus,
526 2464 623 2541 nihil
654 2490 761 2563 aquae
786 2464 930 2536 habuit.
968 2468 1101 2540 Puhno

96 2597 257 2680 uterque
273 2598 351 2655 erat
370 2585 556 2656 anteriore
573 2581 665 2654 facie
682 2585 878 2682 turgidus,
897 2597 933 2656 et
947 2584 1000 2655 ibi
1019 2587 1102 2682 qui-

97 2698 181 2771 detn
192 2701 351 2774 mollitie
362 2717 426 2789 ,et
441 2703 567 2773 colore
575 2702 739 2774 naturali
752 2728 759 2770 :
776 2699 1102 2800 facieposteriore,

98 2831 133 2886 et
147 2815 328 2890 inferiore
339 2844 389 2907 ,a
405 2820 562 2892 sinistris
577 2835 702 2892 autem
716 2819 870 2917 insuper
885 2819 1028 2892 laterali
1039 2844 1103 2916 pe-

99 2949 260 3024 netota,
272 2951 373 3009 arcte
386 2938 433 3008 ad
451 2938 615 3014 thoracis
627 2939 788 3035 parietes
800 2933 1004 3009 atlhaerens.
1018 2936 1106 3008 Ubi·

101 3057 263 3152 cumque
276 3054 500 3143 adhaeserat,
518 3055 572 3127 ibi
584 3057 777 3154 inaequalis
790 3056 938 3154 pieura,
956 3055 1004 3125 ad
1016 3053 1103 3124 dor·

103 3190 183 3240 sum
199 3179 327 3244 autern
347 3172 546 3272 subnigra,
568 3175 607 3243 in
624 3175 738 3246 latere
756 3175 905 3246 sinistro
926 3174 1105 3262 crassior,

102 3300 137 3355 et
157 3289 286 3362 colore
306 3315 385 3362 non
406 3292 577 3364 naturali.
598 3291 669 3363 Sed
691 3307 728 3362 et
740 3290 1001 3389 diaphragma,
1020 3294 1104 3389 qui-

101 3399 171 3478 bus
187 3408 270 3504 ejus
287 3407 454 3506 partibus
469 3425 549 3481 tum
572 3400 737 3497 carneis,
755 3425 837 3481 tum
856 3411 967 3481 etiarn
982 3411 1105 3482 tendi·

102 3523 181 3593 ueis
195 3525 333 3597 annexi
352 3528 552 3624 pulmones
569 3526 734 3616 fuerant,
755 3529 799 3599 iis
815 3529 855 3598 in
874 3527 1045 3626 partibus
1061 3554 1106 3599 ex

105 3631 207 3712 fusco
238 3659 318 3716 erat
344 3645 613 3734 rubicundius,
638 3661 675 3717 et
704 3643 916 3743 sanguifera
944 3641 1108 3714 habebat

105 3761 250 3833 vascuta
268 3764 386 3861 magis
409 3788 523 3862 quam
544 3763 704 3852 soleant,
723 3762 918 3834 evidentia.
944 3761 1107 3832 Extracti
