2800 4674
148 485 219 532 ma.
246 485 286 534 11.
315 485 363 538 nr
387 483 523 532 nonnis
548 481 742 547 rnonams,
767 481 878 531 nr1sr.
906 483 980 530 xx1.
1033 461 1081 558 89

77 598 215 698 quibus
250 595 404 670 fortasse
432 598 544 668 nimis
573 597 653 669 ausi
684 593 797 668 fitisse
826 596 889 666 alii
914 599 954 667 in
978 611 1081 670 textu

77 715 316 804 emendando
336 716 569 801 viderentur,
593 715 780 786 rationem
804 700 1082 810 excogitarunt,

77 859 168 931 qua,
194 832 303 905 nulla
320 833 525 906 verborum
542 833 751 906 mutatione
769 829 883 917 facta,
905 856 985 902 rem
1004 857 1083 902 non

77 950 320 1022 incommode
355 951 514 1049 intelligi
545 974 655 1048 posse
696 949 922 1036 crederent,
962 949 993 1020 si
1026 949 1083 1018 ni·

77 1069 232 1157 mirum,
259 1067 364 1165 quod
388 1070 593 1142 Sennertus
613 1069 681 1155 ait,
702 1081 938 1165 reputemus,
966 1080 1085 1138 mate-

77 1187 137 1256 riae
161 1199 269 1285 parte
294 1186 335 1256 in
361 1183 525 1256 thoracis
548 1182 753 1283 parietibus
772 1199 879 1254 antea
898 1183 1085 1281 deposita,

79 1304 313 1403 pauciorem,
337 1303 552 1401 minorique
584 1327 670 1375 cum
699 1304 843 1401 impetu
871 1301 911 1372 in
935 1300 1087 1399 pulmo-

81 1447 146 1496 nes
166 1422 356 1518 reliquam
377 1418 487 1511 ferri,
504 1435 568 1492 aut
592 1422 642 1511 si,
671 1421 776 1520 quod
791 1434 918 1493 censet
936 1419 1088 1490 Martia-

80 1564 167 1628 nus,
186 1563 262 1610 vox
277 1553 455 1638 tepaaestfn
471 1563 550 1613 non
568 1540 619 1611 ita
640 1541 865 1638 accipiatur,
881 1535 986 1635 quod
1005 1533 1088 1608 vul-

82 1682 127 1755 go
146 1655 316 1746 faciunt„
328 1672 370 1729 ut
394 1657 551 1730 tutiores
573 1672 665 1729 tunc
687 1657 946 1732 securioresve,
961 1655 1087 1753 perip-

82 1775 307 1848 neumonias
325 1773 527 1872 significet,
544 1775 609 1846 sed
626 1773 857 1876 stabiliores,
871 1755 946 1844 sive
963 1773 1089 1842 minus

79 1891 154 1986 jam
183 1891 499 1965 transmutabiles.
534 1894 703 1981 Quarum
736 1889 1090 1986 interpretationum

81 2011 312 2107 reprimam
333 2031 489 2104 sequar,
520 2006 607 2079 facit
621 2007 860 2106 aphorismus
877 2003 993 2076 modo
1013 2027 1092 2075 me·

81 2140 272 2214 moratus,
296 2148 463 2221 quocum
482 2123 585 2196 illam
606 2140 649 2198 ut
666 2125 752 2196 satis
772 2122 993 2208 conciliem,
1012 2145 1091 2192 non

81 2241 196 2312 video
210 2269 218 2310 :
234 2267 282 2313 ne
298 2264 389 2312 vero
406 2241 579 2330 alteram,
595 2241 654 2312 vel
675 2243 755 2338 ipse
769 2255 945 2313 constans
955 2291 964 2327 ,
974 2263 1091 2336 quan·

81 2373 165 2429 turn
183 2360 396 2457 perspicere
415 2360 541 2457 potui,
556 2361 596 2430 in
610 2361 741 2431 Coacis
755 2383 846 2432 usus
858 2341 960 2428 illius
976 2357 1091 2445 vocis,

84 2476 164 2546 eive
182 2473 375 2562 affinium,
394 2491 437 2548 ut
455 2477 638 2572 majorem
657 2501 738 2547 non
757 2468 1092 2562 stabilitatem,-sed

86 2595 339 2684 securitatem,
358 2593 433 2666 hoc
454 2609 508 2666 est
531 2596 658 2666 minus
682 2593 840 2691 periculi
853 2592 1018 2662 omnino
1045 2591 1093 2662 si-

87 2709 267 2807 gnificent
282 2711 347 2810 (ι).
364 2714 454 2801 Quae
472 2737 561 2798 cum¹
576 2713 625 2784 ita
643 2706 735 2798 sint,
755 2711 795 2780 in
814 2723 980 2781 mentem
999 2707 1094 2778 mihi

88 2828 176 2898 olim
190 2845 346 2921 venerat
363 2855 548 2927 quaerere,
565 2855 660 2900 num
679 2825 774 2900 forte
792 2827 920 2898 liceret
932 2826 1094 2923 primam

88 2943 186 3016 illam
205 2947 431 3035 litterulam,
447 2948 556 3044 quasi
573 2945 817 3019 librariorum
829 2925 975 3014 incuria
989 2940 1095 3012 addi-

89 3074 179 3152 tam,
209 3089 231 3134 a
259 3066 453 3162 proposita
477 3089 571 3136 voce
598 3062 784 3160 abjicere,
813 3076 856 3132 ut
885 3059 1094 3130 mutatione

91 3183 259 3253 omnium
279 3182 435 3252 minima
459 3181 499 3252 id
523 3182 630 3279 quod
656 3181 752 3252 ratio
779 3177 970 3277 postulare
991 3174 1095 3246 vide·
1167 3163 1169 3165 ’

37 3335 40 3355 ι
90 3292 219 3387 batur,
239 3323 319 3370 non
338 3301 416 3396 jam
437 3300 613 3386 tutiores,
637 3295 703 3369 sed
725 3294 1015 3394 periculosiores
1035 3317 1096 3364 eas

94 3435 167 3486 esse
195 3417 406 3513 legeremus
430 3415 764 3516 peripneumonias
794 3439 876 3511 quae
905 3409 1098 3510 pleuritidi

95 3533 321 3604 succedunt:
342 3549 406 3604 aut
424 3535 453 3603 si
478 3534 516 3604 id
534 3558 614 3604 non
631 3533 780 3621 liceret,
807 3554 900 3602 num
921 3529 1026 3624 sequi
1044 3523 1098 3596 fas

136 3911 177 3993 (1)
197 3920 266 3978 Vid.
284 3921 366 3998 apud
383 3923 488 3976 Duret.
502 3921 554 3978 cit.
575 3939 639 3997 cap.
658 3940 689 3976 n.
709 3939 760 3993 17,
776 3918 824 3977 cui
836 3917 927 3987 adde,
951 3934 983 3972 n.
1000 3913 1053 3986 16,
1071 3923 1101 3970 et

8 4031 9 4038 ’
102 4027 161 4089 ⁶²1²·
176 4036 225 4092 17,
239 4040 270 4076 n.
287 4041 312 4078 1.
332 4021 417 4078 Adde
432 4039 497 4098 cap·
517 4017 567 4094 15,
581 4039 611 4078 n.
627 4028 662 4092 l,
681 4021 744 4080 etl.
761 4038 794 4092 1,
811 4039 842 4076 n.
858 4021 923 4092 149.
