2808 4664
140 485 208 532 mn.
235 485 274 532 11.
303 483 350 531 DE
376 481 511 531 MORBIS
536 478 728 545 montem,
753 481 865 530 nrlsr.
886 484 990 531 xxtn.
1020 484 1088 556 217

95 597 259 669 mitrales
271 595 437 668 valvulas
451 596 688 682 invenirent,
708 595 862 668 minime
884 597 990 668 iniis
1010 621 1093 694 quae

93 717 260 786 viventes
280 711 504 802 afflixerant,
522 712 810 811 palpitationem
824 728 1093 786 memorarunt.

95 835 189 905 Nam
213 835 374 928 Peyerns
393 829 439 903 de
460 855 502 902 ea
520 830 722 926 virgine,·a
743 827 896 931 Qlasero
916 855 983 902 suo
1003 855 1098 928 prae·

97 963 250 1048 ceptore
267 948 439 1036 dissecta,
460 948 587 1044 inqua
605 946 686 1018 illas
705 961 867 1018 mutatas
881 947 973 1018 vidit
987 954 1028 1018 'in
1044 973 1099 1020 os·

95 1091 199 1140 seam
207 1063 329 1166 plane
344 1066 612 1150 substantiam,
635 1068 770 1134 ostium
781 1063 1098 1161 proecludentem,

97 1209 184 1256 cum
204 1183 307 1256 haud
321 1207 400 1254 uno
418 1182 457 1252 in
476 1182 615 1279 scripto
635 1179 750 1252 verba
770 1177 878 1252 faciat
899 1179 985 1280 (1),
1004 1182 1100 1254 nihil

94 1325 255 1400 usquam
279 1313 565 1387 commemorat,
586 1299 658 1370 nisi
682 1297 921 1370 subitaneum
939 1302 979 1369 in
1001 1297 1101 1372 bene

97 1419 245 1492 valente
267 1416 496 1516 hydropem,
522 1415 733 1515 respirandi
757 1414 1036 1506 difficultatem,
1065 1431 1102 1489 et

96 1537 329 1636 inopinatam
344 1532 656 1608 suffocationem:
678 1534 771 1630 quin
791 1536 968 1632 pauciora
988 1533 1103 1606 habet
1194 1571 1197 1590 ι

96 1653 228 1752 quide
245 1651 375 1726 eadem
393 1654 538 1750 virgine
554 1650 602 1722 ad
620 1655 806 1721 Bonetum
827 1675 857 1722 st
868 1652 990 1748 ripsit‚
1002 1656 1105 1734 Man·

96 1771 234 1870 goltius
251 1769 319 1868 (a)
334 1774 412 1842 Nec
426 1769 591 1842 Bellinus
600 1766 662 1864 (3)
670 1766 834 1863 lapidem
848 1769 916 1854 ait,
938 1768 976 1837 in
990 1767 1105 1838 altera

95 1889 329 1961 valvularum
346 1885 551 1958 mitralium
568 1885 755 1982 genitum,
773 1884 874 1954 aliud
888 1883 964 1955 nisi
983 1891 1105 1954 maxi-

95 2031 155 2078 me
164 2010 317 2078 vart'am
329 2007 638 2074 intermissionem
640 2000 774 2101 pulsus
776 1999 1023 2099 produxisse,
1038 2002 1106 2071 mi·

99 2125 231 2218 risque
239 2143 379 2218 aegrum
388 2118 584 2192 doloribus
594 2117 774 2192 afflixisse.
784 2123 861 2192 Nec
870 2124 1108 2217 Cowperum‚

101 2240 211 2334 cujus
225 2253 314 2310 sunt
324 2252 490 2336 quatuor
505 2237 551 2309 de
567 2261 629 2310 sex
642 2236 717 2308 illis
728 2236 918 2334 Anglicis,
930 2235 1106 2334 supra(l)

99 2355 260 2428 laudatis
282 2354 628 2444 observationibus,
654 2378 739 2426 cum
764 2353 802 2425 in
823 2352 946 2426 tribus
965 2379 1106 2453 propo-

101 2487 186 2558 nat,
202 2488 267 2545 aut
281 2475 412 2572 pingat
430 2472 579 2548 easdem
598 2497 753 2571 quoque
765 2471 932 2566 valvulas
946 2487 1108 2572 exparte

100 2589 283 2688 lapideas,
300 2590 426 2664 vidisti
443 2603 570 2663 tamen
585 2591 868 2689 palpitationem
885 2614 1108 2662 commemo·

104 2733 200 2780 rare.
230 2711 351 2800 Quam
375 2709 407 2780 si
436 2706 611 2796 fortuit0,
634 2723 699 2780 aut
722 2706 795 2780 alio
818 2707 1110 2806 properantibus
1144 2749 1147 2754 ·

102 2827 161 2914 iis,
171 2826 464 2924 diligentissimis
475 2827 720 2926 caeteroquin,
733 2825 992 2923 scriptoribus,
1002 2827 1112 2896 omis-

106 2967 183 3016 sam
195 2942 419 3034 contendas3
437 2967 516 3016 non
530 2945 774 3043 pertinaciter
788 2942 1025 3041 repugnabo.
1043 2943 1113 3012 Ne-

108 3085 183 3160 que
198 3061 304 3134 aliter
320 3063 496 3150 sentiam,
514 3063 544 3136 si
559 3062 743 3150 volueris,
763 3059 809 3132 de
827 3056 1112 3152 Hunauldio(5),

109 3179 175 3275 qui
198 3179 294 3250 nihil
318 3181 390 3254 nisi
418 3179 601 3279 phthisim
631 3191 801 3252 recenset
823 3177 863 3247 in
886 3201 929 3248 ea
953 3171 1113 3263 femina,

140 3529 198 3606 ·(1)
217 3528 313 3590 Meth.
329 3532 400 3590 hist.
414 3543 493 3589 anat.
516 3551 541 3589 c.
557 3531 591 3602 6,
615 3530 647 3586 in
664 3525 757 3588 schol.
776 3539 806 3586 et
822 3532 919 3590 Paeon.
939 3539 968 3588 et
989 3523 1113 3604 Pythag.

109 3647 200 3688 exerc.
216 3639 264 3700 αἱ..

146 3729 190 3806 (a)
212 3725 397 3804 Sepulchret.
413 3731 434 3784 l.
451 3729 485 3800 3,
497 3749 521 3786 s.
538 3748 589 3805 19,
602 3729 669 3786 obs.
686 3729 718 3802 3,
735 3727 791 3800 §6.

210 3831 256 3885 De
271 3829 368 3886 morb.
383 3838 460 3903 pect.
477 3847 503 3884 1.

165 4026 195 4104 5)
214 4027 293 4094 nist,
308 4027 344 4086 de
357 4025 469 4084 l’Aead.
482 4027 557 4101 noy.
575 4025 625 4083 des
640 4027 706 4098 Sc.,
723 4043 771 4083 an.
789 4019 881 4096 1735,
896 4021 961 4078 obs.
977 4030 1055 4077 anat.
1068 4019 1096 4076 6.
