2824 4668
298 436 370 526 364
462 464 508 512 or
534 457 749 522 sapiensne
774 458 899 508 cauus
924 457 1135 526 normania

298 575 499 656 flaccidum
531 574 620 663 fuit,
652 574 783 674 pulsus
815 573 1030 646 vehemens.
1067 572 1220 644 Scilicet
1249 581 1311 640 aut

299 707 445 790 quanto
475 694 673 792 pauciores
703 705 851 789 poterat
880 691 1114 789 descriptum
1144 687 1202 758 ibi
1233 687 1313 781 ejus

301 809 502 882 cerebrum
516 811 668 915 spiritus
680 831 897 898 secernere,
911 822 1016 880 tanto
1037 807 1167 906 plures
1188 827 1312 878 secer-

301 927 417 1000 nebat
431 927 682 1015 cerebellum,
698 927 777 1014 vel,
795 928 826 998 si
841 927 981 1016 mavis,
992 925 1148 1025 spinalis
1164 920 1312 996 medul-

301 1044 359 1132 la,
379 1044 477 1116 etad
497 1070 563 1118 cor
581 1043 770 1133 mittebat,
789 1059 853 1117 aut
869 1069 958 1116 curn
976 1043 1215 1116 resolutione
1229 1039 1312 1110 alio

302 1187 389 1248 rum
404 1187 630 1251 nervorum,
641 1162 817 1250 irritati0,
832 1177 875 1234 ut
887 1185 983 1261 saepe
997 1160 1150 1248 accidit,
1170 1159 1311 1255 aliquo·

304 1303 407 1368 rum,
419 1293 455 1353 et
474 1286 514 1354 in
531 1281 596 1354 illo
611 1281 890 1369 cardiacorum,
908 1281 1113 1376 conjuncta
1124 1293 1232 1366 erat,
1253 1288 1314 1346 aut

307 1411 409 1470 certe
426 1398 569 1497 aliquid
586 1397 818 1495 ejuscemodi
833 1395 912 1470 luit.
933 1402 1055 1495 Atque
1071 1411 1114 1468 ut
1134 1395 1311 1468 observa·

305 1513 475 1588 tionibus
492 1531 663 1605 utamur,
682 1541 765 1614 quae
782 1517 976 1615 ingentem
996 1515 1226 1588 arteriarum
1241 1535 1315 1582 om·

307 1635 413 1704 nium
429 1634 681 1732 pulsationem
703 1648 1025 1722 commemorant3
1042 1631 1145 1722 vide,
1165 1653 1314 1730 mraeso,

309 1750 403 1824 duas
421 1777 504 1850 quae
527 1778 573 1824 ex
595 1751 747 1824 duobus
769 1751 1022 1825 celeberrimis
1046 1747 1316 1824 Parisierisibus
1405 1824 1406 1837 χ

310 1869 529 1942 auctoribus
556 1871 597 1942 in
626 1869 916 1969 Sepulchreturn
939 1869 1063 1942 relatae
1092 1882 1195 1942 sunt.
1215 1865 1314 1938 Alte·
1404 1855 1405 1860 ἵ

310 2011 352 2058 ra
371 1985 424 2084 (r)
447 1986 606 2058 Ballonii
622 2002 678 2058 est
696 1988 736 2058 in
753 1986 907 2083 juvene,
925 1985 1050 2057 cordis
1069 1983 1313 2083 palpitatione

308 2105 386 2200 jam
411 2103 477 2176 diu
499 2102 650 2193 affecto,
670 2105 732 2176 cui
749 2127 876 2176 omnes
895 2108 1046 2176 artenia
1069 2100 1261 2174 evidenter
1279 2104 1314 2167 in

187 2269 191 2280 ·
313 2222 466 2320 singulis
473 2225 562 2314 fere
581 2223 762 2322 partibus
771 2221 969 2322 palpitare
993 2219 1233 2328 videbaatur.
1251 2221 1314 2286 Pa-

313 2340 444 2446 raeifest
456 2341 571 2438 altera
585 2339 640 2436 (a)
657 2341 698 2412 in
716 2339 882 2438 quodam
892 2339 1084 2426 vestiario,
1101 2337 1169 2433 qui
1178 2341 1316 2407 mican-

317 2463 407 2528 tium
427 2464 565 2557 impetu
582 2465 810 2534 arteriarum
825 2463 991 2530 omnium
1005 2455 1160 2555 pulsam
1175 2480 1218 2526 se
1228 2477 1316 2554 per-

316 2579 439 2674 cipere
456 2575 615 2648 dicebat.
628 2581 673 2648 In
690 2577 815 2674 primo
826 2573 925 2648 adeo
946 2597 1072 2647 omnes
1091 2572 1220 2645 cordis
1237 2570 1320 2644 val·

320 2692 434 2780 vulco,
450 2709 489 2766 et
502 2719 641 2792 magna
661 2701 804 2766 arteria
826 2693 988 2766 ducenta
1003 2697 1089 2765 vira
1105 2707 1177 2778 est,
1200 2705 1245 2762 ut
1258 2713 1321 2760 cor

318 2811 431 2910 tra'pIo
444 2811 652 2884 autsaltem
669 2811 788 2911 duplo
803 2811 966 2910 amplius
977 2809 1171 2883 videretur.
1185 2813 1233 2880 ln
1245 2831 1319 2878 vet

318 2929 434 3014 tiario
451 2945 575 3004 autem
601 2935 743 3022 arteria
765 2953 910 3004 venosa
931 2941 1080 3027 reperta
1097 2942 1153 2999 est
1174 2932 1216 2996 in
1242 2950 1321 2996 eam

318 3047 603 3146 amplitudinem
628 3029 810 3134 dilatata,
844 3063 887 3118 ut
917 3071 1070 3118 manum
1092 3051 1131 3116 in
1149 3069 1322 3142 pugnum

321 3165 735 3265 complicatameapere
741 3181 889 3263 posset,
910 3179 951 3236 et⁴
964 3171 1111 3236 interna
1132 3169 1254 3261 ipsius
1272 3180 1323 3236 tu-

321 3288 407 3353 nica
423 3307 539 3354 ossea.
552 3289 663 3357 Nunc
676 3309 803 3381 quaero
822 3308 868 3354 ex
885 3297 939 3372 te,
952 3307 1046 3356 num
1063 3305 1247 3356 vasorum
1255 3282 1324 3354 ‹lis-

322 3400 509 3472 tentiones
541 3400 852 3498 dilatationesque
882 3415 1042 3499 augeant
1069 3400 1324 3497 impellentem
1406 3463 1407 3488 ,

322 3515 504 3588 fibrarum
532 3519 608 3588 vim
633 3533 671 3590 et
689 3517 840 3591 fluentis
862 3518 1035 3592 humoris
1051 3519 1243 3616 impetum
1255 3518 1269 3587 l
1282 3541 1323 3588 an

845 3730 1328 3756 h—-u--u-u--u-——a-

362 3911 406 3988 (ι)
426 3913 460 3967 L.
475 3929 508 3981 a,
525 3932 547 3968 s.
562 3911 598 3978 8,
616 3911 681 3967 obs.
699 3912 754 3986 26,
772 3917 788 3985 5
805 3928 833 3970 a.

363 4009 408 4086 (a)
430 4013 506 4070 Sect.
521 4009 575 4068 bac
587 4030 621 4087 9,
635 4011 699 4070 obe.
712 4030 742 4086 9.
948 3999 952 4010 ’
