2800 4674
272 387 339 436 tao
435 381 481 431 DE
507 379 653 430 stultius
677 379 722 430 m·
746 379 870 430 causis
895 375 1104 432 MOREORUR

266 524 355 573 esse.
375 495 655 582 intellexissem,
695 494 926 592 perlustratis
956 496 1058 568 intus
1077 510 1291 595 extraque

264 618 309 688 iis
337 615 500 686 thoracis
528 611 708 683 vertebris
734 635 827 708 quas
857 611 904 682 ad
922 635 1144 711 aneurysma
1167 640 1290 688 exea·

266 749 368 804 vatas
389 730 499 802 luisse
522 729 621 817 dixi,
638 727 771 799 harum
789 709 920 799 vitium
939 731 1094 804 minime
1117 731 1166 804 ad-
1188 732 1288 804 tubi

270 874 401 920 cavum
420 847 635 944 pervenisse
664 837 902 916 manifestum
921 844 999 919 fuit.

318 966 377 1052 48.
411 969 466 1034 De
491 963 599 1032 viridi
624 963 710 1048 illo,
734 978 895 1060 atroque
914 986 1164 1054 mammarum
1189 990 1286 1038 sero

268 1080 411 1178 aliquid
424 1080 582 1152 scribam
598 1081 671 1151 alio
685 1080 769 1150 loco
782 1080 854 1176 (ι),
867 1107 915 1153 ne
931 1107 950 1152 a
965 1083 1161 1180 proposito
1170 1105 1287 1154 nunc

271 1199 464 1270 divertam.
485 1200 551 1270 Hic
567 1213 692 1273 autem
716 1199 746 1270 si
767 1196 862 1269 forte
875 1199 1022 1270 miraris
1040 1223 1285 1296 aneurysma,

272 1317 456 1411 cujusvis
483 1331 564 1388 ossa
588 1315 650 1416 illa
671 1331 899 1403 excavasset,
928 1330 1033 1386 tanto
1062 1317 1285 1390 molliorem

258 1435 466 1535 pulmonis.
484 1433 726 1504 substantiam
742 1435 879 1530 pariter
894 1435 1023 1506 vitiare
1039 1458 1117 1506 non
1133 1437 1284 1532 potu-is-

274 1577 336 1640 se,
352 1567 413 1622 aut
430 1577 511 1622 eam
533 1550 659 1622 saltem
679 1575 761 1646 quae
778 1565 856 1624 erat
876 1551 1018 1622 circum
1036 1550 1159 1623 hiatus
1180 1577 1284 1642 oras,

276 1668 638 1765 conglutinationem
665 1667 864 1754 divellere,
881 1666 1063 1738 hortabor
1082 1683 1123 1740 ut
1147 1667 1287 1740 obser·

274 1789 463 1856 vationem
491 1785 590 1881 legas
620 1783 709 1855 clari
734 1785 896 1856 Maloetii
926 1787 937 1866 l
967 1784 1063 1881 )‚.in
1090 1809 1166 1881 qua
1192 1809 1284 1856 cum

277 1925 498 2000 aneurysrna
515 1895 721 1974 adhaereret
737 1916 873 1972 trunco
886 1903 1028 1972 arteriae
1039 1925 1195 2000 asperae,
1209 1901 1284 1974 hu-

275 2021 337 2117 jus
365 2037 489 2092 autem
521 2021 754 2116 cartilagines
779 2020 921 2116 aliquot
946 2035 1089 2116 partem
1115 2017 1286 2092 facerent
1395 2004 1396 2025 ¹

277 2140 429 2236 parietis
448 2138 735 2234 aneurysmatis,
755 2151 797 2208 ut
816 2137 948 2234 pulmo
965 2135 1121 2208 faciebat
1139 2139 1176 2206 in
1199 2160 1286 2209 nos·
1395 2236 1396 2240 Ἰ

279 2268 342 2325 tro
356 2281 366 2341 ;
386 2278 428 2324 ea
447 2269 571 2338 tamen
590 2254 644 2323 vis
659 2255 939 2350 sanguinisquae
950 2255 1030 2326 illas
1045 2253 1286 2351 cartilagines

283 2371 492 2457 attriverat,
512 2384 548 2439 et
573 2395 617 2440 ex
643 2385 947 2468 parteteroserat,
965 2396 1088 2469 neque
1106 2371 1286 2443 adhaesio·
1395 2381 1396 2401 ¹

284 2512 372 2558 nem
394 2486 495 2556 illam
513 2512 594 2584 quae
614 2488 756 2558 circum
775 2504 870 2576 erat,
891 2489 1127 2575 dissolverat,
1156 2513 1285 2587 neque

283 2619 389 2676 tanto
420 2603 610 2676 molliores
639 2620 675 2676 et
709 2607 900 2676 tenuiores
925 2607 1084 2703 parietes
1116 2605 1286 2702 reliquos

201 2733 216 2744 ’
285 2723 554 2820 aneurysmatis
567 2737 793 2810 corroserat,
811 2738 875 2794 aut
891 2722 1155 2820 perforaverat.
1173 2725 1288 2796 Nimi-

284 2821 370 2910 rum
386 2863 467 2936 quae
485 2840 618 2912 ictibus
632 2841 749 2938 magis
766 2840 927 2927 cedunt,
944 2841 1069 2912 minus
1085 2840 1285 2930 laeduntur3

256 3009 258 3013 -
285 2982 367 3056 quae
396 2973 520 3028 autem
550 2957 733 3030 valentius
757 2960 956 3042 resistunt,
982 2981 1024 3029 ea
1054 2983 1145 3030 vero
1171 2957 1286 3030 detri«

284 3089 455 3154 mentum
476 3076 596 3146 multo
621 3076 741 3172 gravis
767 3074 965 3171 accipiunt.
995 3076 1054 3145 Sic
1078 3075 1211 3161 etiam,
1243 3093 1286 3147 ut

285 3191 385 3262 inter
413 3192 548 3280 multa,
567 3193 776 3263 recentiore
794 3192 965 3289 exemplo
984 3205 1090 3280 utar,
1121 3216 1166 3262 ex
1192 3192 1285 3270 clari

285 3305 496 3379 Schreiberi
519 3307 780 3382 observatione
799 3309 852 3404 (3)
877 3331 1102 3408 cognosceS,
1120 3310 1284 3380 cumaein·

319 3619 363 3698 (ι)
384 3621 478 3696 Epist.
492 3619 544 3694 50,
559 3642 590 3680 n.
607 3630 654 3696 47.

317 3719 361 3799 (a)
381 3723 470 3778 Mem.
485 3723 521 3780 de
533 3722 645 3782 l'Acad.
656 3727 691 3780 lt.
704 3725 754 3781 des
768 3725 832 3794 Sc,
847 3741 894 3779 an.
911 3722 996 3795 1713.

314 3819 358 3897 (3)
379 3823 456 3877 Nov.
476 3823 641 3882 Commeat.
659 3825 751 3882 Aead.
765 3825 812 3884 Sc.
837 3824 909 3900 imp.
924 3824 1075 3900 Petropol.
1101 3834 1173 3882 tem.
1191 3825 1225 3900 3,
1250 3823 1282 3882 in

274 3918 390 3997 physic.
406 3921 472 3978 obs.
491 3928 518 3990 4.
966 3917 970 3928 ’
