2820 4668
273 390 344 478 488
439 413 487 460 nu
514 410 660 458 sununs
686 411 731 458 un
756 409 881 460 causis
907 411 1121 460 nonnonuu

272 530 383 600 etiam
395 540 583 624 ponerent
594 549 707 624 quam
717 523 1026 598 Piccolhorninus
1039 525 1094 622 (1)
1105 525 1289 598 indicavit

174 739 177 747 Δ
272 645 340 718 ubi
359 669 397 717 se
417 649 586 742 opinari,
603 644 745 740 inquit3
761 641 908 714 nervuli
930 668 999 716 cor
1015 643 1193 716 adeuntis
1211 645 1291 715 obs-

272 767 493 834 tructionem
525 775 676 859 repente
697 762 884 852 factum,
915 766 953 830 in
989 786 1106 834 causa
1134 787 1217 833 esse
1250 777 1290 832 ut

272 878 448 952 nonnulli
467 884 664 978 inopinato
685 891 724 948 et
742 876 946 976 derepente
959 903 1008 950 ex
1025 879 1100 951 hoe
1120 885 1199 951 vita
1223 885 1291 951 mi-

270 999 411 1098 grent?
431 997 682 1094 atqui'certe‚
698 995 879 1092 inquam,
898 1019 978 1066 non
999 997 1207 1093 ignoratis,
1233 998 1289 1068 vel

272 1115 448 1188 abscissis
464 1115 502 1184 in
526 1113 627 1184 eollo
646 1114 794 1201 nervis,
811 1137 880 1184 eor
894 1111 1073 1203 adituris,
1097 1139 1182 1186 non
1203 1140 1289 1186 cou-

273 1234 385 1306 tiuuo
405 1233 502 1302 mori
520 1231 680 1319 anim.al;
699 1246 742 1302 ut
763 1232 882 1330 possit
902 1231 1057 1328 quidem
1075 1257 1289 1318 ¹nervorum

276 1350 401 1423 cordis
414 1348 646 1438 obstructio,
663 1349 711 1422 ad
722 1350 812 1420 alias
826 1359 955 1422 causas
967 1348 1109 1438 addita,
1126 1366 1289 1422 mortem
1383 1403 1384 1406 κ

218 1462 234 1483 ’
275 1465 438 1544 suhitam
456 1465 615 1555 afferre,
633 1467 711 1540 sola
729 1483 855 1540 autem
871 1493 950 1540 non
962 1469 1098 1566 possit,
1112 1466 1290 1542 nisiforte

276 1585 389 1659 simul
403 1587 571 1658 universi·
581 1585 846 1672 obstruentem
860 1587 911 1660 sic
922 1587 1026 1656 enim·
1036 1609 1168 1658 venam
1182 1584 1290 1660 finisse

275 1704 473 1802 Herophili
487 1705 709 1776 sententiam
728 1705 916 1801 intelligo,
935 1703 1022 1800 qui,
1042 1718 1084 1775 ut
1102 1705 1211 1801 apud
1227 1711 1293 1778 Cae·
1388 1801 1389 1804 Ἴ

276 1821 370 1894 lium
390 1823 633 1894 Aurelianum
653 1823 667 1918 l
694 1821 1292 1919 )haben1us‚repentinammor·

282 1956 374 2028 tem,
395 1941 502 2012 'tullo
526 1966 575 2011 ex
599 1945 802 2034 manifesta
824 1964 938 2012 eausa
965 1941 1293 2036 venientem,fieri
1390 2011 1391 2020 ,

277 2057 407 2130 docuit
432 2058 614 2156 paralysi
627 2058 764 2130 cordo,
782 2058 1118 2130 Tum'Santoeinus
1151 2083 1219 2130 sex
1236 2057 1292 2130 illa

276 2177 424 2274 reliqua
435 2177 604 2274 exempla
617 2177 775 2274 protulit
786 2231 795 2259 ,
806 2163 1128 2276 ηυρθὲρποροεὶῑί
1140 2177 1293 2265 similia,'

278 2310 316 2366 et
334 2311 518 2391 quantum
538 2321 575 2368 se
593 2297 814 2366 miraturum
828 2319 907 2366 esse
923 2298 995 2383 ait,
1015 2295 1045 2366 si
1065 2295 1106 2367 iu
1131 2293 1195 2366 his
1216 2319 1293 2366 om-

277 2411 393 2482 nibus
417 2430 550 2510 praesto
575 2411 705 2484 fuisset
729 2412 927 2486 invisibilis
951 2413 1139 2515 qnaepiam
1167 2438 1293 2501 causa,

281 2553 362 2626 qnae
386 2555 473 2598 eum
499 2529 718 2618 manifesta,
742 2531 780 2604 id
804 2541 970 2604 est'cum
995 2531 1111 2603 osseis
1130 2531 1173 2602 in
1192 2546 1293 2603 aorta
1380 2623 1382 2630 Ι

281 2647 490 2744 squamulis
527 2672 564 2720 se
602 2650 885 2746 conjunxisset,
924 2663 1070 2720 tantum
1094 2650 1295 2737 ostendit,

281 2764 353 2838 sibi
371 2765 524 2862 quidem
544 2765 640 2838 nihil
657 2793 736 2842 esse
758 2765 1027 2853 dubitationis,
1051 2767 1147 2864 quin
1168 2767 1219 2838 ab
1240 2767 1294 2840 his

281 2883 371 2956 solis
391 2909 494 2957 mors
508 2886 705 2983 repentina
722 2886 959 2983 proveniret,
975 2899 1067 2956 tunc
1085 2887 1296 2982 praesertim

280 3024 367 3073 oum
394 3001 442 3074 ab
461 3006 619 3090 arteria,
639 3003 828 3099 ejusmodi
849 3004 942 3074 vitio
959 2999 1119 3091 affecta,
1143 3005 1298 3103 sanguis

282 3136 378 3191 esset
409 3121 713 3218 promovenduS‚
745 3137 810 3192 aut
842 3124 950 3219 copia
971 3135 1105 3192 auctus
1130 3123 1296 3194 recentis

280 3235 401 3332 chyli‚
421 3254 485 3309 aut
509 3238 623 3335 hujus
642 3239 818 3336 qualitate
841 3253 1020 3337 turgens,
1040 3254 1104 3310 aut
1123 3237 1292 3336 denique

282 3354 406 3425 calore
433 3363 647 3453 expansus,
677 3381 760 3454 quae
790 3356 989 3442 videlicet,
1011 3370 1055 3427 ut
1080 3357 1120 3426 in
1148 3373 1293 3428 sartore

278 3472 473 3559 universa,
487 3474 536 3544 ita
552 3475 622 3544 alia
635 3475 674 3543 in
689 3473 770 3546 aliis
781 3475 1055 3547 convenissent.
1073 3475 1151 3544 Cur
1164 3491 1293 3546 autem

280 3589 331 3661 sie
360 3590 487 3660 vitiata
521 3595 656 3682 arteria
691 3575 954 3688 promovendo
985 3571 1079 3662 tune
1114 3593 1293 3688 sanguini

319 3872 364 3951 (ι)
383 3877 418 3931 L.
435 3847 469 3946 5',
485 3886 563 3932 anat.
577 3845 706 3950 praeleet.
719 3875 752 3946 6,
763 3888 793 3934 et
804 3878 825 3934 l.
839 3884 873 3948 l,
885 3875 1015 3954 praelect.
1028 3881 1056 3943 4.

317 3969 361 4050 (a)
381 3976 480 4032 Morb.
500 3977 605 4051 chron²
618 3978 638 4033 1.
654 3993 687 4050 a,
702 3994 727 4032 c.
745 3994 770 4032 1.
