2808 4664
295 410 363 490 204
455 427 501 471 or
527 422 672 472 surinus
697 423 741 470 nr
766 421 889 470 causis
914 421 1124 470 nonronuu

290 539 445 612 valvulis
463 536 814 624 animadvertimus,
831 536 862 607 si
884 536 973 632 ipsae
995 561 1148 633 quoque
1172 537 1298 609 morbi

291 655 444 732 effectus
465 681 544 728 non
562 668 665 741 simt3
682 669 718 725 at
732 668 864 726 certea
884 677 944 724 me
964 677 1058 751 saepe
1078 653 1174 725 adeo
1194 655 1237 724 in
1255 657 1298 726 iis

291 801 443 873 quoque
462 787 617 871 reperta
627 787 729 857 sunt,
748 771 814 868 qui
826 770 973 842 nullum
989 772 1088 842 circa
1104 795 1171 842 eor
1185 769 1297 844 affee-

290 907 370 963 tum
398 890 509 989 paulo
536 890 743 988 graviorem
768 887 866 985 passi
882 888 1053 974 fuerant,
1080 903 1123 959 ut
1141 889 1297 960 minime

291 1008 491 1079 videantur
501 1032 572 1105 pro
585 1030 695 1078 causa
707 1029 838 1076 eorum
854 1004 1036 1076 habendae
1049 1003 1191 1101 quibus
1201 1005 1297 1078 hanc

293 1126 491 1197 mulierem
519 1124 762 1199 vehementer
789 1121 1037 1194 conlliotatam
1067 1119 1181 1196 fuisse
1213 1123 1295 1194 dixi.

293 1245 464 1332 Quorum
486 1241 638 1338 quidem
659 1241 840 1312 indicium
862 1239 1016 1336 aliquod
1047 1265 1097 1312 eae
1125 1238 1298 1337 praebue-

291 1374 383 1431 runt
399 1360 437 1430 in
455 1360 575 1430 caveis
593 1357 736 1447 cordis,
755 1358 984 1456 annexisque
1001 1357 1147 1430 arteriis
1168 1357 1298 1428 dilata-

293 1477 436 1564 tiones;
458 1475 613 1548 modicae
637 1476 825 1573 alioquin,
847 1500 979 1548 omnes
997 1490 1034 1548 et
1050 1476 1299 1573 proportione

293 1592 412 1666 ferme
432 1594 529 1665 inter
548 1618 586 1665 se
605 1594 902 1692 respondentes:
923 1595 975 1666 sic
991 1608 1116 1664 tamen
1135 1607 1180 1664 ut
1201 1619 1299 1690 qure-

295 1713 457 1784 rendum
475 1709 705 1808 relinquant,
726 1710 828 1784 unde
848 1711 1033 1808 originem
1052 1711 1140 1808 ipsae
1157 1709 1299 1780 habue-

292 1830 378 1898 rint.
389 1832 478 1918 Quae
490 1830 519 1896 si
530 1824 625 1911 forte
639 1842 830 1925 repetatur
844 1854 864 1898 a
881 1825 1196 1900 convulsionibus
1209 1881 1220 1914 ‚
1235 1850 1300 1898 nec

293 1947 401 2018 averi
411 1944 652 2016 similitudine
665 1945 829 2016 alienum
847 1945 886 2016 id
905 1944 1035 2032 luerit,
1051 1960 1086 2016 et
1099 1943 1148 2015 ad
1160 1943 1299 2016 violen-

294 2065 383 2134 tiam
399 2061 523 2132 morbi
538 2061 670 2134 melius
690 2061 970 2160 intelligendam
995 2065 1066 2134 erit
1087 2085 1299 2136 accommo-

294 2179 526 2250 datum-lam
538 2204 628 2250 vero
639 2179 685 2250 ad
698 2195 773 2250 tres
786 2181 998 2279 propositas
1007 2179 1186 2251 mulieres
1199 2203 1299 2277 quar

294 2311 369 2368 tam
386 2296 653 2394 adjungamus,
668 2300 707 2368 in
724 2321 799 2394 qua
812 2323 891 2368 non
909 2313 985 2368 tam
998 2297 1220 2396 palpitatio,
1240 2299 1299 2370 etsi

244 2508 245 2511 Ἴ
295 2412 373 2484 haec
390 2438 546 2510 quoque
571 2439 649 2484 non
672 2413 820 2504 deerat,
841 2440 954 2513 quam
966 2415 1152 2488 molestus
1169 2414 1220 2487 ad
1242 2439 1301 2488 eor

296 2554 426 2602 sensus
441 2532 510 2601 erit
525 2531 634 2602 nobis
651 2531 906 2629 explicandus.

346 2648 380 2718 a
406 2649 556 2718 Femina
575 2650 689 2746 paulo
719 2651 878 2722 minoris
903 2653 1035 2740 aetatis,
1061 2675 1104 2722 ae
1130 2676 1216 2748 quae
1236 2675 1301 2722 no·

295 2763 442 2836 vissime
466 2763 653 2864 descripta
675 2781 745 2855 est,
774 2769 814 2838 in
846 2768 979 2840 eodem
1007 2770 1233 2840 nosocomio
1260 2767 1302 2838 de

297 2881 421 2978 cordis
433 2882 676 2980 palpitatione
687 2884 900 2974 interdum,
918 2885 983 2961 sed
1003 2885 1049 2956 de
1064 2886 1220 2982 spiritus
1241 2881 1301 2956 dil-

296 2996 480 3088 ficultate,
505 3013 720 3096 quemnon
742 3002 815 3074 nisi
845 3018 972 3074 erecta.
988 3004 1132 3074 cervice
1166 3002 1301 3074 ducere

298 3131 465 3212 poterat,
486 3143 633 3216 semper
645 3117 893 3214 querebatur3
912 3119 1032 3190 multo
1047 3136 1172 3192 autem
1190 3121 1301 3216 magis

299 3232 345 3325 de
361 3248 463 3304 tanta
479 3235 526 3304 ad
544 3261 610 3307 cor
632 3237 803 3334 angustia
821 3252 935 3335 atque
953 3239 1166 3326 anxietate,
1180 3253 1224 3308 ut
1246 3261 1301 3309 sae·

299 3348 383 3445 pius
403 3353 681 3448 quamprimum
695 3357 875 3426 moritura
890 3354 1092 3426 videretur.
1108 3359 1227 3426 Erant
1245 3351 1302 3451 qui

300 3467 510 3564 pericardio
537 3469 781 3568 hydropicam
814 3471 1147 3552 crederentfluic
1178 3472 1302 3569 pulsus

301 3610 497 3682 nunquam
525 3587 848 3662 intermittentes:
881 3614 983 3660 venae
1022 3578 1148 3660 autem
1177 3587 1302 3684 ampla

301 3718 418 3775 erant.
440 3707 588 3776 Mortua
616 3721 671 3778 est
697 3732 782 3778 cum
805 3707 852 3778 ad
869 3723 1071 3780 anatomen
1093 3707 1132 3775 in
1152 3705 1302 3804 publico

238 3839 240 3842 ·
302 3819 568 3894 absolvendam
585 3823 784 3896 muliebria
800 3813 1073 3921 quaererentur,
1093 3822 1211 3920 paulo
1224 3835 1303 3890 ante

304 3938 470 4010 medium
499 3943 675 4013 martium
697 3924 1092 4040 anni1731J'Thorace
1119 3955 1156 4012 et
1178 3953 1303 4012 ventre
