2800 4674
133 355 201 431 nn.
229 380 272 426 n.
299 377 346 428 or
370 374 507 448 nonars
532 374 861 442 ruonacrsfsrrsr.
888 373 977 424 xxn.
1009 351 1074 453 137

76 495 228 592 perstite
240 496 317 584 siti,
332 496 465 572 leviori
487 493 618 566 dolore
636 507 672 564 et
699 493 809 590 copia
826 494 942 565 serosi
963 493 1075 590 sputi.

76 616 160 686 Post
181 614 264 690 dies
280 613 431 697 circiter
448 609 649 685 duodecim
667 609 860 682 ardentior
885 607 1000 682 febris
1019 636 1078 683 re·

76 732 191 830 surgit
207 755 296 802 cum
310 731 530 826 sitimajori‚
545 708 657 802 sensu
674 727 855 828 ponderis
866 729 904 796 in
920 726 1075 798 thorace

76 853 337 949 toto‚,copioso
350 865 473 949 sputo,
485 851 716 948 molestaque
734 851 835 925 tussi.
847 829 1076 950 Hypochon2

75 968 171 1058 dria,
189 972 330 1068 quasia
349 971 588 1067 circumjecta
608 969 735 1056 fascia,
754 968 894 1050 dolant.
908 969 1076 1040 Tandem

75 1089 245 1160 moritur.
262 1093 306 1158 In
321 1103 452 1182 ventre
467 1086 562 1158 nibil
581 1085 683 1160 aliud
693 1084 993 1158 animadversum
1007 1089 1077 1174 est,

74 1205 144 1274 nisi
165 1205 336 1302 splenem
354 1207 513 1279 nimium
534 1204 687 1278 mollem
716 1201 838 1277 fuisse.
862 1205 907 1275 In
928 1204 1076 1278 sinistra
1179 1251 1182 1256 ι

75 1337 198 1392 autem
220 1323 405 1411 thoracis,
426 1347 538 1396 cavea
560 1323 757 1422 'pulmonis
782 1323 949 1394 anterior
965 1319 1077 1394 lacios

73 1439 210 1536 pleurae
226 1440 461 1530 adhaerebat3
489 1440 554 1551 sed
570 1441 713 1539 reliqua
727 1437 773 1512 ad
791 1441 946 1519 dorsum
973 1465 1077 1513 acce·
1180 1529 1184 1546 ἱ

75 1556 183 1647 dens,
197 1583 219 1628 a
232 1558 365 1656 pleura
383 1559 568 1654 sejuncta,
585 1558 682 1630 hanc
698 1560 797 1630 inter
814 1573 851 1630 et
865 1583 1080 1632 suamcras-

74 1698 155 1764 sam⁴
170 1674 279 1746 valde
300 1673 434 1751 factam
452 1674 735 1764 membranam,
761 1677 951 1748 sinuosam
970 1678 1079 1773 quasi
1136 1768 1144 1775 f

74 1793 269 1865 cavitatem
290 1791 657 1890 comprehendebat,
677 1793 795 1862 multa
818 1816 943 1864 serosa
962 1807 1081 1863 mate-

73 1911 126 1980 ria
143 1911 317 2008 plenam,
335 1911 462 2006 inqua
480 1909 722 1980 membraneo
740 1907 961 1982 innatabant
982 1907 1078 1980 frus-

72 2028 150 2098 tula
164 2027 405 2122 ,flgelatr'nam
435 2023 653 2115 referentia,
675 2025 801 2124 qualia
823 2025 1017 2098 nonnullis
1038 2029 1079 2096 in

72 2143 167 2216 locis
180 2141 340 2214 firmiter
358 2142 585 2214 membranae
598 2143 788 2242 pulmonis
804 2169 949 2216 annexa
959 2158 1078 2215 erant.

72 2266 162 2332 Erat
179 2259 243 2332 hic
262 2261 394 2359 pulmo
409 2261 526 2358 nigris
542 2261 643 2350 intus
661 2283 886 2359 conspersus
903 2259 1079 2352 maculis,

73 2393 267 2474 parvaque
290 2377 384 2448 adeo
407 2377 530 2466 mole,
550 2393 592 2450 ut
617 2378 678 2448 vix
708 2393 880 2476 quartam
899 2377 1080 2450 naturalis

74 2495 266 2590 pulmonis
281 2511 426 2593 partem
440 2509 612 2594 aequaret.
626 2499 784 2584 Contra,
802 2498 935 2594 pulmo
949 2496 1079 2568 dexter

77 2635 138 2683 sua
149 2628 259 2685 aucta
271 2614 530 2712 magnitudine
541 2613 641 2688 illius
653 2616 873 2713 parvitatem
887 2616 973 2688 satis
984 2640 1077 2712 pen-

77 2730 188 2803 sabat.
204 2733 378 2830 Sanguis,
390 2733 420 2804 si
434 2732 731 2830 ejusnonnullos
741 2733 903 2830 excipias
911 2757 1077 2831 grumos,

76 2847 113 2918 in
137 2849 293 2922 dextero
316 2851 442 2946 cordis
461 2849 672 2922 ventriculo
693 2865 879 2948 repertos,
902 2850 1078 2922 eumdem

78 2962 190 3040 ferme
210 2993 325 3082 <Luem
345 2969 496 3040 in‘vivis
516 2967 626 3058 solet,
639 2967 805 3040 fluorem
816 2967 996 3040 servabat.
1016 3047 1018 3051 Α
1076 3027 1080 3034 ,

122 3109 154 3181 9.
175 3088 255 3157 Etsi
276 3086 447 3158 Valsalva
470 3088 510 3158 in
534 3085 608 3158 hac
628 3085 853 3159 dissectione
877 3110 957 3179 non
978 3084 1079 3156 aliud
1191 3143 1194 3150 .

78 3224 198 3274 serum
211 3204 254 3274 in
269 3203 434 3276 thoracis
446 3205 596 3278 sinistro
614 3228 725 3293 cavo,
739 3226 853 3300 quam
867 3201 971 3300 quod
983 3222 1078 3300 saepe

78 3336 159 3414 post
170 3322 567 3420 pleuripneumoniam
579 3321 845 3412 soletridetur
854 3319 1078 3408 describere3

79 3437 264 3510 saniosum
282 3453 407 3510 tamen
424 3437 464 3508 id
485 3437 596 3510 fuerit
616 3462 769 3511 necesse
787 3453 862 3528 est,
879 3452 1080 3538 propterea

79 3553 162 3646 quia
178 3554 428 3629 huicmorbo
446 3557 691 3655 empyematis
708 3580 850 3628 nomen
871 3556 1076 3653 adscripsit.

80 3669 122 3739 Et
134 3694 220 3744 sane
235 3669 521 3744 inflammationi
540 3675 716 3772 successit
739 3671 932 3772 pulmonis
952 3673 1080 3742 minus

80 3780 232 3861 feliciter
241 3790 434 3886 judicata:
452 3795 518 3889 qui
539 3807 576 3862 et
589 3805 693 3873 tanta
709 3792 778 3864 ista
792 3814 866 3863 suae
884 3789 997 3860 molis
1013 3789 1084 3858 im-

82 3903 285 3981 minutione
303 3910 393 4008 quid
417 3925 595 4008 praterea
620 3935 752 4010 passus
772 3922 886 3994 esset,
913 3906 1082 3980 subindi-

133 4089 138 4122 l
