2808 4664
286 463 353 536 186
445 485 492 532 oe
519 485 664 532 saumas
689 485 733 534 ar
759 483 882 534 causis
908 483 1119 534 nonnonuu

282 603 386 700 giore
403 601 477 670 vita
502 600 622 698 digni,
644 601 751 698 cujus
775 601 904 670 litterae
920 605 1007 672 VllI
1027 601 1111 671 idus
1128 601 1296 696 januarii

281 722 371 790 anni
396 723 506 814 1740,
524 718 570 787 ad
590 743 653 789 -me
672 717 816 816 scriptae
836 711 1138 789 raram'minusa
1159 719 1296 815 pleris-

281 861 356 936 que
369 838 505 934 sperati
518 853 674 908 eventus
692 836 904 908 felicitatem
919 837 1158 906 nunciarunt.
1170 839 1295 926 Quam

280 979 369 1027 vere
394 957 567 1052 proximo
591 957 709 1053 ipsius
728 957 793 1052 qui
822 971 1081 1052 egrotaverat,
1101 957 1163 1024 vix
1188 981 1208 1024 a
1234 980 1294 1027 me

259 1065 262 1076 ¹
282 1075 461 1171 amplius,
481 1075 552 1144 nisi
566 1099 603 1146 se
619 1073 832 1155 indicasset,
847 1073 1092 1168 agnoscendi,
1113 1097 1294 1171 conspec-

282 1193 597 1289 tus'gratissinms
617 1189 864 1263 confirmavit.
885 1191 1008 1263 Habes
1024 1190 1130 1288 quod
1149 1192 1295 1288 promi-

284 1335 415 1381 seram.
437 1310 539 1381 Vale.
556 1309 603 1407 (*)
1267 1305 1271 1312 ’

323 1665 373 1744 (*)
393 1670 421 1724 A
434 1678 565 1743 tempore
578 1687 639 1744 quo
654 1669 802 1724 scribebat
816 1671 1012 1745 Morgagnus,
1037 1669 1137 1724 multae
1159 1679 1188 1723 et
1208 1686 1297 1723 accu-

280 1777 352 1824 ratae
371 1768 577 1844 indagationes
601 1769 638 1826 de
657 1769 768 1826 morbis
796 1771 989 1842 pulmonum,
1015 1780 1042 1822 et
1069 1769 1236 1842 praesertim
1262 1767 1298 1822 de

280 1865 394 1943 phthisi
407 1888 424 1924 a
439 1871 529 1926 variis
541 1871 714 1926 auctoribus
727 1871 810 1926 factae
825 1872 943 1926 suerunt
969 1873 1049 1925 luter
1062 1871 1116 1924 bus
1129 1911 1136 1937 ,
1148 1869 1297 1942 praecipue

281 1971 455 2026 consulendi
476 1983 545 2026 sunt
564 1983 705 2028 tractatus
722 1983 891 2028 nostrorum
911 1973 1000 2046 Bay'le
1018 1983 1044 2025 et
1067 1973 1221 2040 Laennec,
1248 1967 1298 2042 qui

280 2071 446 2127 accuratius
470 2085 671 2146 exposuerunt
700 2085 850 2141 naturam,
872 2071 986 2142 sedem,
1009 2069 1132 2146 gradus,
1153 2083 1181 2125 et
1199 2068 1297 2124 varios

280 2172 402 2228 effeetus
414 2173 568 2245 phthiseos
583 2173 613 2228 in
632 2175 714 2248 aegris
734 2187 762 2229 et
785 2174 910 2230 mortuis
935 2173 1110 2229 observatae.
1129 2171 1186 2227 Hic
1206 2173 1296 2226 solam

279 2273 422 2327 addemus
450 2273 708 2342 observationem,
732 2294 797 2348 quae
822 2277 849 2328 in
872 2273 1026 2330 curatione
1046 2291 1185 2346 magnam
1211 2271 1298 2326 nobis

279 2372 401 2427 videtur
413 2374 521 2427 mereri
540 2373 744 2430 attentionem.
764 2379 944 2449 Quanquam
964 2375 1003 2430 sit
1020 2375 1097 2428 inter
1113 2391 1218 2430 omnes
1236 2390 1299 2428 cor·

278 2473 361 2546 poris
383 2485 482 2546 partes
506 2493 668 2530 consensus
684 2495 776 2545 unus,
789 2487 927 2532 attamen
946 2475 1026 2530 inter
1039 2473 1183 2548 quasdam
1201 2472 1300 2545 major

279 2583 341 2641 est;
357 2573 399 2630 sic
413 2576 570 2648 pulmones
583 2577 739 2632 maximam
758 2579 975 2633 connexionem
994 2574 1105 2630 habent
1125 2595 1193 2631 cum
1212 2575 1300 2630 func-

279 2673 412 2730 tionibus
430 2675 522 2746 cutis3
541 2677 700 2752 saepissime
719 2695 854 2752 quoque,
881 2678 985 2733 sinon
1004 2695 1138 2750 semper,
1159 2685 1229 2750 post
1242 2674 1301 2730 fri-

278 2793 343 2849 gus,
355 2774 646 2848 postexanthemata,
660 2780 760 2846 alaesa,
775 2798 932 2852 suppressa
944 2790 995 2833 aut
1009 2775 1167 2832 imminuta
1179 2774 1300 2850 perspi-

277 2875 393 2931 ratione
407 2878 492 2947 cutis,
508 2877 652 2952 originem
667 2875 790 2938 trahunt
802 2879 901 2934 morbi
913 2881 1105 2953 pulmonum,
1122 2887 1150 2932 et
1162 2875 1301 2951 quando-

278 2993 335 3050 que
358 2991 516 3047 sanantur,
537 2989 588 3032 aut
603 2981 705 3034 saltem
730 2981 926 3038 sublevantur
952 2978 1111 3052 eruptione
1133 2987 1301 3051 spontanea

277 3079 482 3150 pustularum,
496 3079 726 3135 furunculorum
739 3091 792 3134 aut
803 3081 953 3134 variarum
967 3077 1251 3136 efflorescentiarum
1268 3077 1300 3132 in

279 3189 345 3232 cute
359 3197 365 3230 z
381 3179 422 3234 sic
432 3181 538 3236 Comes
550 3180 737 3250 Feltriensis,
749 3181 785 3234 de
793 3170 859 3254 ¹quo
873 3180 970 3256 agitur
980 3178 1015 3234 n⁰
1024 3180 1071 3234 31.
1080 3177 1211 3250 Hujusce
1223 3177 1301 3252 epis-

277 3278 360 3346 tolae,
373 3277 477 3334 melius
491 3297 521 3334 se
534 3275 644 3334 habere
659 3281 749 3354 coepit
765 3281 886 3354 quando
907 3281 1029 3336 maculae
1042 3291 1173 3334 cutaneae
1195 3298 1300 3334 rursus

278 3375 416 3430 coloratae
433 3389 462 3431 et
477 3378 675 3453 pruriginosae
690 3380 875 3434 factasunt:
893 3379 993 3452 itaque
1008 3378 1110 3432 multis
1123 3389 1152 3432 et
1165 3377 1300 3451 repetitis
1400 3423 1401 3450 3

280 3474 541 3531 observationibus
560 3477 645 3548 freti,
670 3479 792 3554 quando
812 3479 940 3534 irritatio
958 3490 1009 3534 aut
1028 3475 1212 3552 phlegmasia
1233 3479 1301 3551 pri-

277 3575 373 3630 maria
387 3577 507 3632 sedatur
524 3590 575 3633 aut
592 3579 689 3634 sedari
702 3581 821 3654 incipit,
846 3598 953 3656 magno
972 3599 1039 3634 cum
1053 3597 1193 3634 successu
1210 3577 1300 3634 adhi-

277 3677 380 3732 bemus
397 3680 556 3753 emplastra
574 3699 611 3734 cx
630 3665 696 3754 pice
720 3681 923 3757 Burgundica,
950 3675 1138 3754 euphorbio,
1165 3689 1217 3734 aut
1235 3678 1301 3734 aliis

277 3778 533 3836 mbefacientiblrs
551 3791 580 3835 et
594 3781 811 3838 attrahentihus
824 3781 863 3836 ad
874 3793 973 3837 cutem
983 3780 1151 3854 applicata3
1168 3789 1198 3834 et
1208 3797 1304 3852 quan-

281 3877 320 3933 do
334 3880 456 3935 morbus
469 3893 522 3935 aut
534 3881 652 3955 longior
663 3893 715 3937 aut
732 3882 866 3938 tenacior
882 3892 942 3952 est,
957 3893 1105 3937 setaceum
1116 3891 1146 3935 et
1158 3899 1251 3935 morra
1263 3881 1304 3935 la·
1333 3857 1337 3866 ¹

278 3979 389 4035 teribus
406 3981 537 4038 thoracis
550 3981 699 4056 applicata
712 4002 747 4040 ex
759 3983 901 4040 methodo
915 3983 995 4040 aetii
1002 4022 1013 4055 ,
1027 3999 1103 4056 saepe
1115 3991 1254 4055 prosunt.
