2808 4664
135 497 204 542 ua.
233 495 272 540 11.
301 493 347 540 ua
373 491 510 539 atomus
533 490 724 552 ruoatcts,
750 490 861 539 artsr.
882 487 984 538 xxru.
1014 465 1079 540 251

78 610 217 697 tionis;
231 608 272 676 in
291 630 368 703 quo
381 605 639 692 Vieussenius,
657 618 693 674 et
705 605 946 702 Langelottus
960 625 1086 703 pecca-

77 741 186 799 runt.
206 729 301 795 Tum
318 723 365 794 ad
382 745 511 794 causas
526 735 608 819 qua
620 737 722 805 extra
736 744 803 794 cor
815 739 917 810 sunt,
939 739 980 795 ut
999 747 1087 796 ner·-v

79 869 157 918 vos
181 841 334 930 referat,
359 841 521 928 videbis,
541 843 617 913 sive
642 843 682 912 iu
705 840 877 931 cerebro,
903 846 978 914 sive
997 843 1088 914 alibi

77 963 271 1048 irritatos,
300 973 339 1030 et
365 958 423 1029 vel
450 958 592 1056 absque
626 960 773 1048 nervis,
798 959 845 1030 ad
874 980 1086 1058 compressa
1126 1021 1127 1026 ,

78 1081 312 1180 pulmonum
338 1059 447 1148 vasa:
466 1099 548 1174 quae
574 1076 665 1148 dum
690 1078 884 1174 praeclare,
908 1093 950 1149 ut
977 1079 1087 1166 solet,

78 1211 305 1297 pertractat,
331 1195 536 1266 admouere
563 1219 642 1266 non
667 1196 806 1266 omittit
836 1217 953 1294 quam⁴
976 1211 1087 1268 cauta

77 1319 260 1388 incusare
274 1313 372 1384 hanc
393 1334 543 1386 causam
558 1328 751 1412 oporteat,
774 1325 950 1412 utquam
970 1315 1087 1386 salam

40 1423 43 1430 ’
78 1415 281 1533 p'alpitatio
298 1455 391 1529 saepe
405 1453 484 1502 non
499 1447 686 1529 sequatur.
702 1437 841 1520 Porro,
859 1450 901 1504 ut
911 1433 981 1505 alia
991 1432 1089 1504 benc

79 1551 225 1637 multa,
256 1570 375 1646 eaque
401 1549 575 1647 perutilia
603 1551 741 1622 invitus
772 1566 1012 1648 praeteream,
1043 1547 1090 1622 de

81 1669 228 1766 quibus
244 1667 315 1765 ipsi
339 1691 384 1738 ex
407 1667 580 1738 instituto
599 1666 791 1762 agendum
807 1665 897 1754 fuit,
917 1684 953 1738 ct
971 1668 1091 1754 iniis,
1161 1681 1163 1686 '

79 1802 126 1856 ut
144 1786 292 1882 incepi,
310 1784 528 1886 subsistam,
549 1783 594 1853 de
615 1783 761 1882 'quibus'
778 1781 969 1854 scribendi
989 1804 1092 1864 occa·

83 1905 235 1975 sionem
263 1899 400 1987 habui,
425 1901 630 1996 prasertim
654 1923 746 1970 vero
770 1893 819 1970 ad
842 1900 1093 1998 pericardium

82 2016 364 2118 spectantibus,
381 2013 578 2113 'quomodo
600 2040 645 2088 ex
664 2018 745 2112 ejus
763 2016 936 2114 bydrope
953 2016 1096 2088 accidat

80 2135 309 2236 palpitatio,
328 2133 492 2205 ostendit
508 2134 581 2206 ade
604 2134 792 2232 ambiguis
808 2149 930 2206 autem
959 2135 1033 2208 sive
1051 2134 1095 2205 il-

82 2255 163 2324 lius
183 2267 376 2324 tumorum
402 2251 568 2340 indiciis,
596 2253 673 2324 sive
699 2269 777 2323 nou
803 2253 853 2325 ita
878 2253 991 2326 cartis
1012 2253 1094 2347 ejus

82 2372 275 2443 vermium
292 2368 637 2459 observationibus,
656 2371 729 2441 alio
744 2371 829 2441 loco
845 2369 1095 2468 (1)prudeu-

82 2503 148 2560 ter
165 2487 336 2559 disserit:
355 2486 422 2558 ubi
439 2486 497 2585 (a)
517 2489 629 2590 etiam
642 2489 813 2587 exempla
823 2483 1094 2586 deficientispe-

84 2603 242 2676 ricardii
267 2601 451 2692 infirmat,
481 2605 587 2676 cordi
619 2621 744 2676 autem
775 2605 998 2677 adhaerentis
1029 2622 1096 2694 sua

87 2745 245 2820 quoque
261 2720 460 2818 multiplici
473 2721 733 2794 observatione
743 2721 961 2793 confirmat:
975 2722 1095 2821 qualis

15 2837 18 2848 '
88 2855 217 2910 autem
233 2837 417 2928 adhaesio,
433 2854 471 2910 et
490 2839 536 2910 atl
553 2863 651 2937 quas
665 2839 793 2914 cordis
801 2840 925 2926 sedes,
944 2841 1097 2938 palpitas

89 2958 208 3027 tionis
232 2979 362 3043 causa,
384 2972 447 3026 aut
467 2958 783 3055 impedimentum
807 2960 871 3046 sit,
888 2956 1094 3053 docetl3):

87 3099 162 3148 nec
192 3075 322 3147 reticet
354 3099 468 3172 quam
498 3091 627 3148 cautos
646 3101 725 3148 esse
750 3091 941 3174 oporteat,
959 3073 1027 3146 ubi
1051 3076 1097 3145 si·

90 3191 173 3263 mul
191 3214 313 3264 causae
330 3193 408 3262 aliar
426 3207 532 3281 sunt,-
550 3207 586 3265 et
604 3195 808 3292 praesertim
829 3193 1037 3293 graviores,
1050 3217 1098 3264 ne

91 3307 299 3381 adhaesioni
313 3325 454 3382 temere
469 3311 755 3408 palpitationem
768 3309 1044 3399 adscribamus,
1063 3326 1100 3382 et

94 3429 301 3523 generatim
316 3427 515 3516 admonet,
529 3427 596 3499 ubi
610 3427 721 3500 simul
735 3442 947 3499 causaesunt
960 3428 1098 3526 plures,

15 3637 16 3640 Ἴ
93 3544 551 3645 peculiaressingularum
572 3545 727 3620 effectus
742 3547 999 3618 internoscere
1018 3567 1098 3616 uon

133 3841 177 3919 (1)
199 3841 253 3899 Ch.
271 3843 304 3914 5,
320 3864 349 3898 n.
366 3863 383 3899 a
398 3856 427 3900 et
443 3847 470 3902 3.

137 3941 180 4016 (a)
201 3944 237 3998 N.
262 3949 289 4008 4.

134 4039 177 4118 (3)
197 4042 266 4099 Vid.
285 4040 389 4116 etiam,
405 4041 450 4100 ch.
464 4063 499 4120 9,
514 4043 608 4100 infin.
