2800 4674
371 235 378 258 l
572 251 577 261 .

461 273 473 314 l

304 385 370 454 138
470 406 515 452 ur
543 403 690 450 seorsus
712 404 758 450 nr
782 403 905 452 oausts
930 403 1142 454 sturnorum

301 555 369 613 cat.
383 539 496 630 Quod
514 557 604 608 vero
622 535 668 610 nd
684 523 810 635 nigras
825 539 1149 626 attinetmaculas,
1165 539 1314 636 quibus

295 661 403 730 intus
413 653 734 754 distinguebatur,
745 656 777 726 si
789 655 851 725 hic
867 655 988 727 credis
1005 657 1098 727 Olao
1111 657 1312 730 Borriehio

301 778 340 847 in
352 774 616 846 observatione
630 777 763 861 CXVI,
786 773 952 844 sectione
968 772 1037 844 vll
1054 774 1116 872 (1)
1134 801 1230 846 veru
1248 775 1316 848 vel

297 893 513 993 prcesentis,
534 890 607 972 „uel
633 891 734 962 brevi
753 905 937 962 secuturae
962 897 1214 990 corruptionis
1239 891 1315 963 illae

303 1024 411 1082 erant
441 1027 682 1106 argumente·
713 1010 764 1083 sic
789 1011 891 1078 enim
920 1035 1020 1107 soepe
1051 1007 1250 1083 adnotasse
1273 1035 1312 1083 se

303 1118 449 1214 scribit,
469 1133 506 1196 in
516 1127 762 1226 pulmonibus
778 1143 1010 1198 mortuorum
1030 1151 1124 1225 quos
1141 1128 1315 1198 catarrhi

303 1248 595 1342 infestaverant:
618 1269 835 1343 quanquam
857 1267 944 1316 cum
964 1247 1075 1316 toties
1099 1269 1162 1318 eas
1183 1271 1312 1318 macu-

302 1363 356 1434 las
369 1363 536 1435 Valsalva
554 1366 592 1436 in
606 1364 789 1452 historiis,
806 1362 963 1461 epistola
984 1365 1052 1432 XX
1069 1378 1106 1434 et
1123 1360 1214 1434 alibi
1228 1363 1314 1436 des-

303 1483 452 1580 cn'ptjs,
479 1481 768 1570 memoraverit,
797 1483 1007 1580 existimare
1034 1481 1196 1579 poteris,
1219 1509 1312 1566 num

302 1601 503 1672 verisimile
530 1599 595 1685 sit,
614 1611 862 1689 eutonium,
885 1615 948 1670 aut
974 1598 1176 1698 plerosque
1195 1598 1307 1672 tuisse

303 1718 484 1789 catarrhis
501 1717 714 1807 infestatus,
729 1720 838 1789 sicuti
856 1720 895 1787 in
910 1741 979 1806 ea,
997 1719 1029 1789 si
1040 1717 1211 1814 perlegas
1222 1772 1232 1807 ,
1245 1717 1312 1790 ob·

286 1836 514 1944 'servatione
528 1837 715 1933 conjicere
730 1836 881 1907 videtur
899 1835 1127 1906 Borrichius.

277 1979 285 1992 ¹
357 1978 411 2024 10.
427 1956 495 2026 Vir
509 1955 661 2053 triginta
682 1955 830 2026 circiter
849 1976 1062 2042 annorum,
1084 1951 1310 2052 palustrium

303 2075 478 2146 locorum
495 2073 640 2158 incola,
659 2098 705 2144 ex
723 2097 884 2144 venerea
895 2059 1147 2144 'lue‘thoracis
1165 2068 1311 2142 affecti·

304 2190 377 2262 bus
394 2190 582 2262 obnoxius
602 2188 741 2279 factus,
768 2191 835 2262 diu
859 2175 898 2261 in
915 2189 1149 2260 ‘Ferrariensi
1170 2187 1309 2260 cubue-

303 2322 362 2378 rat
378 2309 619 2396 nosocomio,
636 2309 675 2376 in
689 2333 766 2404 quo
784 2307 832 2378 ab
851 2307 998 2380 ardenti
1014 2307 1168 2406 quidem
1185 2303 1309 2395 febre,

306 2425 372 2498 sed
385 2449 470 2494 -non
488 2425 694 2522 apectoris
705 2427 874 2522 angustia
892 2425 1050 2496 omnino
1070 2423 1167 2495 liber
1186 2450 1311 2497 evase·

304 2559 372 2614 rat.
395 2547 479 2614 Haec
495 2545 633 2616 sensim
652 2541 846 2615 molestior
869 2541 964 2616 facta
986 2560 1051 2616 est.
1077 2545 1179 2636 Quin
1201 2546 1310 2614 etiam

306 2685 439 2749 crura,
458 2676 608 2748 venter,
629 2687 671 2734 ac
691 2647 816 2760 ipsum
844 2643 1008 2760 denique
1031 2677 1144 2760 capnt
1164 2677 1310 2732 tumere

305 2795 517 2878 coeperant,
539 2803 624 2850 cum
644 2780 717 2850 levi
737 2778 856 2868 febre,
882 2779 958 2869 siti,
986 2781 1119 2876 majori
1141 2779 1311 2878 spirandi

305 2895 545 2984 difficultate,
561 2897 686 2968 lateris
703 2897 862 2986 sinistri,
880 2899 920 2967 in
938 2897 1041 2994 quod
1060 2897 1240 2970 libentius
1253 2899 1308 2994 ja-

305 3015 430 3104 cebat,
459 3015 590 3086 dolore
603 3024 617 3104 ,'
638 3015 769 3087 crebra
793 3018 905 3116 tussi,
922 2999 1156 3112 ¹assiduaque
1179 3041 1311 3088 serosae

303 3134 472 3234 materiae
487 3134 732 3231 exspuitione.
748 3137 898 3204 Interea
912 3132 1122 3204 adecubitu
1143 3133 1310 3240 adeo'in·

305 3265 474 3320 creverat
487 3254 618 3350 capitis
635 3252 801 3339 cedema,
819 3267 861 3324 ut
882 3277 959 3322 non
975 3275 1118 3349 paucus
1136 3251 1248 3322 ichor
1266 3251 1310 3322 si·

231 3450 233 3458 y
305 3369 421 3438 nistra
434 3390 478 3438 ex
497 3394 587 3441 aure
602 3365 790 3441 efflueret:
805 3369 927 3440 donec
945 3367 1211 3466 languescente
1233 3383 1310 3440 tan·

306 3483 392 3556 dem
407 3487 518 3584 pulsu
533 3489 585 3559 sic
605 3503 648 3558 ut
665 3503 832 3559 extremo
847 3483 966 3559 biduo
987 3489 1131 3584 percipi
1150 3489 1212 3558 vix
1231 3511 1313 3586 pos·

308 3622 383 3701 set,
396 3632 498 3682 mors
514 3612 677 3682 accessit.
699 3617 753 3682 Ex
766 3611 956 3696 cadaveris
976 3609 1259 3707 integumentis,
1279 3619 1313 3676 et

345 3977 389 4055 (1)
410 3981 445 4033 L.
464 3997 479 4034 a
499 3979 653 4053 Sepulchr.
