2850 4668
309 411 360 498 64
476 428 523 480 nn
548 430 695 482 sununs
720 429 764 478 ar
788 430 912 480 causis
937 431 1146 482 unicornu

283 521 286 526 ¹
310 561 354 618 ut
369 546 487 618 simile
502 543 597 643 quid
606 541 739 640 plagoe
760 559 972 642 appareat.-
990 546 1068 618 imo
1092 570 1182 618 cum
1204 545 1318 618 Gale·
1408 531 1409 538 ἵ

308 687 360 734 no
372 661 426 760 (1)
444 663 483 732 in
500 662 579 757 ejus
601 661 674 732 loci
694 662 925 758 expositione
941 663 1154 760 agnovisset
1171 668 1210 734 in
1231 677 1321 736 cute
1409 695 1410 776 p

307 803 487 878 apparere
506 780 618 854 istum
632 783 817 874 nigrorem
836 804 915 852 non
932 804 1038 865 secus
1054 795 1167 878 atque
1181 782 1223 850 in
1238 780 1318 851 illis

307 903 374 994 qui
391 905 445 966 ita
463 921 511 966 ex
519 895 643 994 plaga
656 897 789 986 affecti
801 911 897 968 sunt.
917 897 1029 987 Quod
1045 911 1171 970 autem
1185 897 1314 970 Riola-

306 1039 403 1084 num
432 1011 554 1092 facere
581 1014 827 1110 praestitissem
854 1011 1054 1088 afferemus
1082 1039 1153 1088 nos
1179 1015 1311 1088 locum

306 1130 405 1204 Caelii
415 1129 635 1225 Aureliani(
661 1133 694 1225 ),
720 1131 951 1229 apertissime
969 1156 1040 1229 pro
1060 1134 1143 1231 ipso
1166 1129 1310 1206 facien·

305 1263 392 1320 tem.
410 1252 587 1346 Loquens
611 1248 711 1322 enim
731 1247 779 1318 de
792 1247 1017 1345 pleuriticis,
1036 1264 1074 1326 et
1089 1248 1137 1322 de
1156 1249 1310 1347 pleura,

303 1366 403 1454 lucc,
417 1366 557 1464 inquit,
576 1367 832 1460 expirantibus
847 1390 948 1464 saepe
963 1372 1114 1463 aegrotis
1122 1372 1232 1463 nr'gm
1250 1373 1309 1436 in-

306 1489 455 1556 venitur.
469 1487 546 1556 Nec
557 1507 647 1554 vero
667 1484 872 1572 existimes,
888 1483 927 1556 id
941 1485 1075 1557 dixisse
1090 1478 1309 1580 conjectura

302 1599 457 1674 fortasse
474 1599 612 1674 fretum
627 1615 733 1698 capta
749 1626 794 1672 ex
812 1603 976 1699 partium
993 1601 1119 1674 lateris
1135 1617 1307 1676 externa-

302 1745 388 1792 rum
406 1719 522 1792 livore
543 1734 797 1816 consequente
814 1734 1038 1817 aegrotorum
1059 1719 1303 1812 decubitum,
1411 1787 1412 1798 ,

300 1837 505 1936 praesertim
522 1837 553 1910 si
572 1834 667 1908 forte
682 1835 894 1926 accidisset,
913 1853 956 1908 ut
979 1837 1304 1934 quemadmodum

299 1959 339 2028 in
356 1955 491 2028 morbo
510 1953 649 2043 solent,
666 1956 706 2025 in
735 1971 858 2028 morte
886 1941 1043 2054 quoque
1060 1957 1101 2026 in
1120 1955 1222 2028 idem
1247 1957 1303 2028 illi

296 2075 465 2171 jacerent
480 2075 588 2146 latus.
605 2075 737 2170 Neque
751 2075 791 2144 in
807 2075 915 2146 istam
931 2074 1154 2146 sententiam
1167 2073 1302 2165 addas,

298 2211 388 2262 sane
402 2189 442 2260 id
460 2215 539 2260 non
558 2188 692 2260 dixisse
706 2188 753 2260 de
770 2189 948 2262 omnibus
965 2218 973 2258 :
994 2205 1031 2262 et
1056 2191 1240 2262 continuo
1257 2215 1299 2262 ea

297 2304 412 2378 verba
420 2331 502 2402 quae
515 2319 709 2378 externum
719 2305 876 2378 livorem
886 2306 1067 2395 indicent,
1078 2307 1295 2404 subjecisse:

297 2425 366 2512 hos
377 2422 536 2520 deniqne
553 2438 758 2496 venenatos
774 2423 928 2521 quidam
939 2440 1175 2523 putaverunt,
1196 2426 1299 2514 Quin

298 2543 329 2614 si
350 2538 445 2612 sorte
464 2541 684 2637 opinionem
706 2555 810 2622 tuam
835 2541 925 2614 inde
945 2543 1183 2640 potissimum
1204 2567 1298 2614 con-

298 2659 448 2730 firmare
467 2672 505 2729 te
525 2681 634 2756 posse
652 2658 843 2742 crederes,
863 2659 968 2757 quod
985 2659 1084 2731 Caelii
1104 2673 1208 2732 aetate
1227 2658 1296 2732 hu·

296 2799 407 2850 mana
422 2773 606 2874 cadavera
631 2799 710 2845 non
733 2775 972 2876 secabaptur3
1003 2775 1168 2872 primum
1189 2773 1296 2863 vide,

295 2917 387 2992 num
396 2906 500 2966 aetate
512 2891 764 2989 Hippocratis,
778 2917 891 2989 quem
907 2889 1023 2966 modo
1037 2917 1124 2964 cum
1135 2891 1295 2964 Riolano

294 3009 516 3109 objiciebas,
541 3033 670 3080 revera
693 3010 809 3081 secari
837 3025 962 3108 coepta
988 3011 1133 3082 essent?
1156 3009 1296 3082 deinde

294 3129 444 3204 Caelium
463 3128 623 3226 inspice,
641 3127 843 3225 intelliges,
860 3152 938 3225 quo
954 3129 1127 3225 incapite
1144 3126 1183 3198 id
1198 3125 1294 3201 dixit

292 3259 512 3346 argumenta
528 3269 600 3354 pro
615 3245 747 3342 pleura
763 3269 808 3314 ex
824 3245 1043 3318 Erasistrato
1065 3269 1218 3342 quoque
1239 3257 1296 3317 at.-

292 3363 441 3450 tulisse,
469 3383 583 3459 quem
609 3385 767 3459 corpora
791 3361 957 3434 humana
981 3362 1155 3434 incidisse
1183 3387 1295 3436 cons·

289 3496 363 3555 tat:
386 3479 548 3575 denique
564 3479 645 3576 ipsa
654 3480 783 3576 vrelege
803 3504 885 3577 quae
901 3482 1022 3578 prima
1040 3480 1290 3578 protulimus,

211 3637 216 3647 ·
289 3598 387 3674 caelii
398 3595 528 3686 verba;
546 3595 710 3685 videbis,
725 3622 804 3710 non
821 3597 1062 3693 conjecturae,
1082 3597 1147 3672 sed
1160 3596 1292 3670 obser-

325 3880 369 3958 (1)
389 3883 553 3938 comment.
569 3899 600 3951 1,
613 3879 652 3935 ad
668 3889 690 3934 t.
706 3877 792 3950 35,1.
805 3881 855 3939 cit.

327 3981 371 4060 (a)
390 3985 478 4039 Acut.
495 3999 573 4057 pass.
592 3980 611 4036 l.
627 3997 659 4051 a,
679 3999 705 4038 c.
721 3979 767 4037 16.
