2808 4664
275 395 346 466 280
440 415 487 460 ns
515 411 662 460 sumnus
686 413 730 460 nr
756 409 881 459 clusis
904 409 1116 461 nonnosum

273 523 412 628 phyxia
425 553 503 598 non
520 541 595 597 tam
609 527 889 623 compressione
898 526 1077 614 indicavi,
1095 551 1215 623 quam
1226 527 1287 594 vi«

271 647 325 718 tio
342 672 387 718 ex
404 670 497 743 puro
517 643 621 740 quod
637 642 685 714 ab
702 645 885 716 exteriore
905 644 1077 716 abscessu
1103 670 1175 741 per
1199 667 1283 716 cra-

272 763 325 834 nii
344 764 480 832 cariem
496 761 542 856 ad
562 761 685 858 ipsum
705 777 944 858 pervenerat,
965 763 1286 846 commemoravi,

273 894 338 950 aut
365 903 451 948 cum
475 879 519 950 iis
539 902 620 976 quae
647 881 686 948 in
709 878 780 948 alia
799 879 956 976 epistola
976 878 1029 975 (1)
1051 878 1098 950 de
1117 878 1282 948 muliere

206 1075 208 1091 1
273 996 423 1092 scripsi,
444 995 573 1092 pulsus
592 995 772 1080 humiles,
791 996 1019 1068 cerebellum
1032 1012 1157 1067 autem
1170 996 1282 1066 laxis-

269 1113 405 1184 simum
421 1111 584 1187 habente
604 1137 612 1180 :
639 1137 855 1210 quanquam
873 1112 942 1183 tibi
960 1111 1113 1184 fortasse
1145 1135 1280 1182 causa-

268 1252 355 1298 rum
376 1229 461 1298 satis
479 1229 518 1298 in
532 1227 685 1300 thorace
703 1229 847 1324 ejusde
871 1253 947 1326 quo
965 1229 1181 1326 loquimur,
1207 1228 1279 1298 viri

160 1441 162 1448 y
269 1347 465 1416 inventum
481 1344 680 1416 videbitur.
700 1346 772 1417 Sed
791 1346 982 1443 pulmonis
1002 1347 1174 1442 undique
1188 1371 1276 1416 cum

268 1453 402 1558 pl'eura
422 1461 669 1532 cohaesionem
688 1461 736 1532 ad
752 1487 833 1534 rem
850 1461 945 1533 nihil
961 1460 1103 1548 lacere,
1129 1477 1187 1532 tot
1205 1461 1278 1531 alia

272 1577 450 1650 cadavera
469 1578 742 1666 demonstrant,
756 1579 813 1652 de
831 1579 968 1676 quibus
989 1580 1049 1650 vel
1069 1579 1109 1648 in
1135 1579 1277 1652 nostris

272 1697 439 1792 epistolis
455 1695 598 1794 legeris.
620 1695 795 1793 Ejusdem
813 1711 937 1768 autem
952 1697 1103 1768 visceris
1120 1720 1276 1794 graveo-

271 1813 424 1884 lentiam
445 1815 558 1886 satius
576 1812 730 1886 fortasse
745 1829 800 1886 est
816 1839 837 1884 a
853 1815 954 1886 sanie
973 1813 1161 1886 deducere
1184 1813 1274 1882 illuc

273 1935 447 2004 extremis
461 1931 596 2002 diebus
615 1933 660 2002 ex
676 1930 850 2004 abscessu
862 1957 930 2030 per
949 1929 1169 2029 sanguinem
1185 1955 1276 2001 con·

270 2064 397 2136 vecta,
419 2074 467 2119 ne
491 2048 595 2145 quod
621 2049 732 2120 etiam
756 2064 865 2120 antea
887 2049 1095 2147 peccabant
1118 2048 1275 2146 pulsus,

255 2164 309 2236 ,id
330 2191 349 2236 a
367 2167 547 2263 pulmone
563 2169 732 2264 repetere
747 2163 938 2238 conemur.
966 2168 1141 2262 Denique
1166 2182 1276 2237 aortae

271 2283 405 2352 vitium
434 2282 509 2354 illic
531 2281 617 2373 fuit,
646 2284 746 2355 unde
777 2287 917 2356 arteriae
936 2309 1016 2355 nou
1043 2286 1275 2382 proveniunt

272 2423 405 2496 carpos
417 2399 607 2474 adeuntes.
622 2406 746 2474 Restat
760 2403 874 2500 igitur
885 2402 949 2472 illa
966 2400 1090 2472 cordis
1109 2393 1275 2472 universi

273 2514 320 2584 ad
341 2516 594 2611 pericardium
621 2517 801 2607 adhaesi0,
831 2543 905 2616 qua
921 2515 1059 2589 factum
1079 2532 1210 2616 putes,
1235 2532 1274 2588 ut

273 2631 367 2704 illud
388 2634 484 2704 intra
507 2634 581 2706 hoc
599 2637 843 2707 constrictum
862 2637 985 2708 minus
1003 2635 1220 2733 expandere
1240 2657 1274 2704 se

273 2763 421 2845 posset,
444 2775 558 2848 quam
577 2753 624 2822 ad
638 2753 776 2848 justam
796 2754 987 2852 sanguinis
1005 2751 1153 2849 copiam
1181 2752 1275 2822 exei-

274 2867 471 2963 piendam,
491 2884 542 2957 et,
561 2869 664 2966 quod
683 2871 949 2966 consequitur,
975 2872 1014 2940 in
1043 2869 1199 2940 arterias
1217 2893 1275 2939 ex-

273 2985 499 3056 trudendam
519 2987 745 3084 requiritur,
773 2989 976 3085 praesertim
1005 3010 1091 3056 cum
1114 2985 1287 3082 alteram,

275 3101 363 3176 alias
371 3101 425 3198 la)
437 3104 504 3175 tibi
517 3107 584 3176 sim
600 3105 795 3176 historiam
813 3107 1033 3203 scripturus,
1049 3105 1178 3200 inqua
1193 3117 1275 3200 post

276 3220 390 3290 exiles
403 3221 533 3316 pulsus
550 3236 586 3292 et
601 3221 762 3308 debiles,
782 3222 1035 3320 pericardium
1053 3221 1183 3290 inveni
1203 3245 1273 3288 un-

277 3334 408 3435 dique,
430 3339 575 3409 tametsi
603 3364 681 3409 non
698 3341 916 3428 arctissime,
944 3337 1049 3410 cordi
1061 3361 1272 3423 annexum,

272 3451 313 3520 in
334 3455 527 3550 superiore
542 3469 667 3526 autem
687 3457 842 3555 epistola
862 3456 915 3554 (3)
929 3460 1128 3551 Peyerum,
1151 3469 1189 3524 et
1204 3458 1271 3522 Lo-

275 3633 1272 3664 ........-.............,..,,.,.,....................

211 3823 214 3830 ¹
315 3754 361 3832 (1)
380 3758 448 3826 XV,
466 3775 498 3810 n.
512 3755 540 3812 8.

316 3854 360 3930 (a)
380 3855 472 3928 Epist.
487 3853 541 3926 35,
561 3874 591 3909 n.
608 3875 652 3912 12.

317 3954 360 4030 (3)
381 3957 417 4011 N.
438 3975 471 4026 17
488 3968 516 4011 et
531 3955 576 4014 ιθ.
