2808 4664
287 417 356 486 282
444 435 491 482 uu
518 433 662 482 sturnus
687 433 731 480 nr
756 431 879 480 cuusrs
903 431 1114 480 nonnonuu

287 550 495 622 doctrinam
516 547 691 645 praeclare
708 547 917 644 explicans,
940 571 1054 642 quam
1071 547 1111 616 iu
1133 547 1295 643 singulis

286 667 462 766 pulsuum
483 665 760 736 discriminibus
778 664 1010 736 consuluisse
1032 688 1110 734 non
1130 665 1293 760 poenite·

285 785 357 870 bit,
374 783 502 855 hoerle
511 805 589 879 quo
603 783 795 880 loquimur
804 779 1240 868 discrimen'debilitatis,
1253 795 1293 852 et

286 903 476 998 parvitatis
492 899 547 996 (r)
563 925 640 970 non
660 899 775 970 modo
793 899 839 970 ab
857 897 1044 996 languidis
1057 897 1180 970 cordis
1198 898 1292 968 viri·

285 1018 377 1103 bum
396 1032 458 1089 aut
476 1016 524 1088 ab
545 1017 735 1114 sanguinis
752 1017 900 1112 inopia,
918 1015 983 1088 sed
997 1014 1167 1086 etiamab
1180 1029 1292 1086 ancta

281 1135 492 1238 resistentia
511 1135 728 1204 arteriarum
744 1132 918 1220 deducit,
938 1134 1222 1229 propterquam
1238 1131 1294 1202 di·

286 1253 416 1324 latanti
431 1251 554 1322 cordis
570 1254 605 1320 vi
623 1265 727 1322 tanto
746 1255 870 1322 minus
895 1249 1049 1330 cedant,
1068 1263 1215 1346 quanto
1243 1249 1293 1322 si-

286 1367 367 1437 mul
386 1366 435 1437 ob
463 1366 633 1438 eamdem
660 1365 905 1437 resistentiam
934 1367 1080 1452 mium,
1100 1364 1295 1464 sanguinis

289 1499 448 1582 possunt
461 1483 656 1556 admittere
667 1483 730 1580 (a).
750 1485 882 1581 Augeri
899 1497 1023 1554 autem
1041 1483 1294 1554 resistentiam

288 1601 416 1690 docet,
442 1603 530 1672 alias
560 1600 610 1672 ob
639 1601 793 1670 nimiam
821 1600 1121 1697 plenitudinem,
1141 1600 1292 1671 nulium

284 1715 400 1790 ferme
416 1720 584 1790 ulteriori
603 1718 809 1790 dilatationi
827 1718 969 1805 locum,
983 1733 1026 1788 ut
1040 1743 1167 1814 neque
1181 1739 1290 1788 cuna

285 1837 451 1908 trictinui
463 1892 473 1925 ,
486 1836 783 1934 relinquentem;
797 1835 899 1906 unde
912 1851 983 1923 est,
997 1852 1039 1906 ut
1053 1861 1100 1907 eo
1111 1836 1150 1905 in
1167 1859 1291 1906 casua

286 1955 463 2026 missione
490 1955 680 2052 sanguinis
700 1967 737 2024 et
758 1953 878 2047 major
902 1953 1032 2050 pulsu‘s
1050 1950 1115 2023 fiat
1146 1967 1185 2024 et
1202 1952 1292 2024 vali-

287 2070 386 2158 di0r3
404 2071 492 2141 alias
510 2085 635 2140 autem
651 2069 701 2139 ob
716 2069 936 2140 arteriarum
956 2073 1120 2157 tunicas,
1138 2069 1188 2140 ab
1206 2093 1289 2142 ner·

284 2187 340 2258 vis
357 2201 585 2273 contractas,
602 2188 698 2256 utin
717 2185 898 2258 histericis
916 2189 1118 2284 prasertim
1138 2187 1287 2258 contiu-

273 2304 358 2400 -git,
373 2327 457 2374 cum
475 2304 628 2374 arterias
645 2301 691 2373 ad
714 2305 837 2374 tenuis
857 2301 1038 2374 filamenti
1057 2302 1218 2374 mudum
1234 2327 1289 2373 re-

287 2418 412 2490 dactas
429 2421 674 2516 percipimus;
691 2422 769 2490 imo
791 2434 827 2490 et
851 2420 983 2516 pulsus
997 2420 1108 2492 certis
1123 2421 1164 2490 in
1184 2419 1292 2518 parti·

284 2535 357 2608 bus
376 2537 683 2634 supprimuntur,
704 2537 806 2609 unde
824 2537 879 2632 (3)
903 2553 994 2608 tunc
1020 2538 1111 2628 idat,
1135 2537 1290 2634 reliquis

289 2653 514 2738 calentibus,
529 2652 681 2753 frigent..
693 2655 789 2726 Hine
805 2654 898 2726 illud
913 2680 1068 2752 quoque
1080 2654 1287 2751 intelligere

286 2785 323 2840 te
350 2779 459 2868 posse
494 2771 626 2860 crede,
657 2771 853 2868 quomodo
879 2772 1065 2869 asphyxiae
1096 2771 1289 2868 quaedam,

286 2887 419 2960 breves
437 2886 650 2975 interdum,
665 2913 938 2986 nonnunquam
957 2890 1098 2986 longae,
1120 2905 1157 2960 et
1178 2888 1290 2960 letha·
1385 2979 1386 2994 χ

286 3006 339 3077 les
356 3004 467 3092 fiant,
481 3030 603 3102 neque
619 3007 658 3076 in
672 3005 866 3102 hystericis
879 3007 1013 3091 modo,
1029 2999 1093 3078 'sed
1109 3007 1199 3078 etin
1214 3005 1286 3076 aliis
1385 3081 1386 3102 χ

286 3124 496 3212 nonnullis,
513 3121 704 3219 inquibus
721 3125 791 3196 nisi
808 3121 903 3196 forte
920 3123 969 3194 ab
981 3125 1120 3210 nervis,
1137 3123 1240 3194 unde
1252 3121 1287 3190 il·

285 3239 340 3309 las
352 3255 497 3336 repetas
506 3295 516 3328 ,
526 3265 605 3310 non
618 3238 730 3312 facile‘
738 3256 910 3339 apparet,
923 3241 1026 3312 velut
1040 3243 1081 3311 in
1101 3262 1151 3311 ea
1163 3239 1282 3311 obser·

289 3357 437 3428 vatiune
448 3382 530 3454 quae
543 3357 590 3429 ab
604 3357 770 3428 starckio
787 3358 841 3455 (4)
859 3339 1053 3458 proposita
1067 3372 1132 3430 est
1149 3361 1281 3428 Verum

290 3472 336 3543 ad
356 3487 501 3544 nostras
514 3475 590 3570 jam
605 3475 811 3548 redeamus.

345 4001 360 4058 t
394 3991 469 4069 Eph.
487 3995 525 4052 tt.
540 3996 573 4050 C.
586 3995 656 4062 Dec.
676 3993 709 4064 3,
729 3994 765 4047 Α.
782 4011 833 4066 10,
848 3991 913 4048 obs.
933 4011 1000 4064 ¹71·
