2824 4668
257 533 259 541 Ι
286 439 356 537 372
430 461 477 508 ou
503 459 648 508 saoruus
674 459 717 506 nr
744 459 867 506 causrs
894 459 1104 507 uorronun

284 599 451 673 quorum
464 597 639 672 magnam
653 574 828 644 arteriam
841 573 943 666 intus
961 574 1143 644 sulcatam
1156 572 1280 662 inveni,

284 693 353 766 etsi
373 694 546 791 ignotum
572 706 628 763 est
657 689 754 760 nihil
777 705 903 762 tamen
932 691 1113 788 prohibet
1142 691 1279 763 credere

282 809 419 890 fuisse,
435 811 594 882 interius
608 809 830 906 praesertim,
849 808 1155 880 vehementiores
1180 834 1278 906 quarn

282 930 327 1002 iis
358 925 582 1026 corporibus
612 924 823 996 secundum
846 941 1019 996 naturam
1049 928 1278 998 conveniret:

283 1049 361 1118 imo
373 1047 413 1116 in
433 1043 629 1116 nonnullis
648 1067 781 1114 eorum
801 1041 973 1141 profecto
995 1045 1200 1116 verisimile
1221 1058 1279 1132 est,
1314 1091 1317 1100 ,

282 1177 326 1234 ut
338 1163 378 1232 in
389 1160 582 1243 sacerdote
592 1158 640 1232 de
651 1183 730 1256 quo
741 1161 921 1258 scriptum
932 1157 1002 1232 fuit
1012 1161 1280 1260 epistolaIV(r),

282 1295 319 1352 et
338 1282 378 1350 in
393 1284 537 1350 Veneta
551 1278 731 1366 muliere,
756 1277 803 1350 de
827 1303 902 1376 qua
919 1279 1076 1377 epistola
1096 1283 1218 1351 XXVI
1236 1277 1279 1375 (a)

283 1398 490 1484 scribetur,
508 1395 616 1492 eujus
633 1410 739 1467 ao'rta
754 1396 898 1484 sulcos,
920 1397 950 1468 si
970 1423 1044 1494 qua
1058 1397 1132 1467 alia
1151 1411 1279 1494 specta-

284 1515 380 1588 biles
407 1513 591 1601 ostendit,
617 1537 704 1584 curu
734 1513 975 1601 dilatatione,
1007 1528 1044 1584 et
1075 1529 1183 1584 certo
1199 1513 1279 1582 'loco

283 1635 503 1706 etiamtum
536 1635 710 1705 erosione
742 1633 979 1728 conjunctos.
1009 1634 1168 1705 Accedit
1194 1631 1278 1704 enim

282 1749 386 1823 haud
405 1775 491 1822 raro
512 1750 560 1824 ad
582 1753 769 1848 impetum
796 1751 1007 1850 sanguinis,
1026 1749 1278 1848 progrediente

282 1868 422 1942 morbo
448 1885 485 1942 et
511 1885 704 1967 tempore,
727 1891 838 1940 causa
862 1869 932 1950 alia
953 1893 1035 1965 quae
1056 1869 1135 1939 vim
1160 1867 1278 1938 habeat

283 1987 484 2076 modendi,
495 1986 598 2058 unde
615 1987 766 2057 initium
781 1985 981 2058 accelerari
997 2001 1124 2084 potest
1141 1983 1278 2086 legitimi

282 2107 572 2204 aneurysmatis,
589 2103 915 2202 quemadmodum
932 2118 1034 2176 recte
1061 2103 1278 2174 animadver

282 2225 328 2296 tit
345 2224 539 2296 Lancisius
564 2221 636 2320 (3),
657 2236 694 2292 et
722 2223 930 2319 generatim
953 2221 1135 2294 indicavit
1160 2227 1278 2293 Ferue-

233 2373 235 2377 ’
281 2342 355 2413 lius
373 2341 437 2438 (Δ).
456 2343 581 2440 Spurii
597 2356 722 2414 autem
739 2341 1011 2436 aneurysmatis
1029 2365 1143 2413 causa
1155 2397 1165 2431 ,
1177 2341 1280 2439 pn'us·

283 2483 397 2558 quam
411 2459 620 2558 legitimum
631 2456 715 2546 fiat,
740 2457 780 2528 id
800 2471 855 2529 est
869 2473 1073 2554 antqpuam
1094 2461 1227 2532 arteria
1241 2453 1276 2526 ab

282 2579 430 2676 impetu
458 2577 650 2680 sanguinis
670 2577 716 2648 sit
735 2575 885 2648 dilatata
905 2577 918 2673 (
941 2577 1049 2672 cujus
1070 2578 1128 2648 rei
1146 2580 1275 2675 signum

283 2695 444 2794 pulsatio
469 2694 611 2793 praebct
634 2721 680 2767 ex
700 2696 919 2792 angustiore
940 2688 1018 2790 jam
1041 2691 1140 2766 facta
1161 2688 1276 2783 latior)

212 2883 217 2890 .
285 2839 362 2912 quo
379 2813 540 2887 laesionis
553 2837 691 2914 genere
701 2813 832 2884 vitiare
847 2815 1022 2885 arteriam
1038 2815 1209 2912 incipiat,
1221 2807 1276 2882 sub

284 2933 415 3005 oculos
429 2932 506 3028 jam
527 2957 548 3002 a
565 2930 676 3003 nobis
695 2931 861 3028 positum
878 2931 1159 3018 existimamus,
1176 2925 1279 3003 simul·

285 3075 358 3148 que
372 3066 566 3123 ostensum
585 3049 646 3120 vel
668 3073 714 3120 eo
731 3063 903 3146 tempore
925 3073 1202 3146 nonnunquam
1219 3046 1280 3115 ho-

284 3170 426 3240 minem
440 3193 549 3266 posse
567 3168 615 3238 ab
630 3167 695 3238 illa
708 3163 839 3238 eadem
855 3190 966 3238 causa
990 3169 1204 3265 gravissime
1215 3179 1276 3234 tor·

285 3287 395 3386 queri
410 3300 447 3356 et
463 3287 537 3356 vita
549 3287 699 3382 privari.
718 3291 803 3356 Haec
814 3284 861 3355 ad
876 3309 918 3356 ea
932 3310 1015 3382 quae
1025 3286 1214 3358 Lancisius
1225 3279 1276 3350 do

286 3403 363 3474 cuit
393 3401 595 3499 adjunges,
619 3403 650 3474 si
675 3419 801 3475 tamen
827 3403 1067 3500 placuerint:
1090 3419 1129 3475 et
1143 3396 1272 3474 valebis.

356 3721 368 3800 )
388 3723 426 3778 N.
443 3739 492 3778 ar.

356 3822 368 3900 )
389 3823 428 3878 N.
443 3841 489 3878 ar.

354 3923 366 4000 l

339 3742 351 3778 1

338 3842 354 3880 2

321 3921 352 4000 (3
387 3925 478 3997 Oper.
496 3921 538 3978 cit
547 3938 672 3996 propos.
686 3920 732 3996 39.

323 3721 335 3799 l

323 3822 335 3900 (

324 4021 368 4102 (4)
389 4019 545 4100 Patholog.
560 4024 579 4078 l.
599 4021 631 4095 5,
646 4042 671 4080 c.
690 4037 734 4077 12.
