2808 4664
157 445 225 525 mai
251 461 294 524 τι.
320 477 365 522 ne
391 472 525 522 uonms
548 470 876 537 anonacisfflisa.
903 475 1004 522 xxm.
1034 453 1110 541 245·

108 615 156 662 ne
172 593 263 663 VIII
281 589 350 660 hac
370 585 604 686 Sepulchreti
626 585 666 656 in
690 585 794 657 hunc
815 586 971 658 modum
991 589 1108 663 adno-

108 721 184 778 tata
198 721 274 778 est:
300 709 486 801 Contingit
497 701 702 800 aliquando
713 706 961 801 prasentibus
973 714 1108 798 causis,

101 823 396 922 palpitationem
418 820 542 892 cordis
563 845 639 890 non
662 819 849 907 accidere,
878 829 969 918 quia
997 823 1108 920 longo

110 955 275 1038 tempore
304 945 397 1035 agri
419 937 696 1026 decubuerunt,
727 951 842 1034 atque
874 939 922 1009 ob
950 946 1108 1035 quietem
1170 989 1173 994 -

110 1055 313 1153 tranquille
331 1061 481 1152 sanguis
506 1078 653 1125 cursum
668 1079 775 1126 suum
794 1060 957 1152 peragit.
981 1063 1111 1156 Expe-

110 1178 248 1242 rientia
279 1177 375 1243 enim
408 1177 594 1267 cognitum
626 1186 698 1256 est,
732 1171 944 1244 cackecticis
974 1197 1055 1260 cor,
1081 1182 1114 1246 si

111 1296 228 1387 quieti
255 1289 412 1386 degant,
439 1313 527 1360 raro
543 1286 771 1388 palpitare:
794 1315 819 1359 a
853 1288 1113 1388 qualicumque

110 1432 204 1478 uero
223 1393 345 1494 motu,
359 1417 522 1476 manime
540 1411 578 1475 in
601 1403 794 1476 acclivium
816 1431 985 1496 ascensu,
1001 1409 1112 1479 uehe-

109 1539 252 1595 menter
267 1529 422 1595 concuti.
446 1524 503 1594 Sic
523 1521 678 1596 inferius
697 1523 743 1607 ad
764 1523 916 1598 alteram
936 1523 1112 1598 observa·

109 1641 254 1712 tionem
272 1641 286 1737 (
312 1639 326 1736 )
346 1640 577 1737 adscriptum
595 1653 668 1710 est:
683 1639 857 1710 Arduum
873 1655 927 1709 est
939 1639 1112 1738 palpita-

112 1763 248 1828 tionem
262 1757 386 1828 cordis
400 1781 472 1854 per
486 1779 702 1826 consensum
713 1760 882 1850 partium
894 1757 1112 1844 inferiorum

112 1873 321 1958 inductam,
341 1873 390 1944 ab
410 1870 644 1968 idiopatlzica
663 1869 890 1968 discernere:
903 1895 1003 1969 scope
1016 1879 1113 1944 enim

112 1994 294 2084 contingit
307 2003 365 2075 ut,
387 2011 605 2083 quanquam
622 2007 688 2056 eor
703 1991 850 2056 intrate
865 1971 1017 2058 causam
1029 2014 1114 2060 cona

113 2112 252 2192 lineat,
276 2129 348 2201 per
362 2101 542 2202 periodos
568 2118 691 2173 tamen
717 2101 848 2173 redeat
867 2105 1047 2196 affectus,
1075 2123 1117 2177 ut

114 2245 328 2292 cumserum
338 2274 348 2306 ,
360 2217 582 2317 pericarelio
591 2219 782 2307 inclusum,
793 2244 968 2316 orgasmo
978 2228 1114 2310 cietur,

115 2340 314 2434 autflatus
330 2336 521 2408 accedunt.
543 2339 632 2427 Quae
646 2337 714 2406 etsi
727 2361 859 2433 magna
876 2363 920 2408 ex
937 2353 1044 2434 parte
1055 2364 1114 2436 ac·

114 2454 286 2551 cipienda
298 2468 401 2536 sunt,
418 2467 454 2524 et
467 2452 538 2522 alio
550 2476 704 2549 quoque
716 2477 793 2523 non
807 2454 1113 2528 inutilitertrans·

113 2568 282 2660 ferenda,
295 2565 500 2668 nequando
516 2571 736 2666 organicum
750 2593 828 2642 esse
842 2569 1018 2643 morbum
1033 2627 1042 2660 ‚
1063 2573 1112 2644 ob

113 2686 212 2758 hanc
230 2711 345 2758 unam
359 2710 508 2758 causam
518 2709 721 2784 negemus,
740 2685 917 2782 quodsua
929 2702 1113 2784 perpetuo

114 2829 194 2876 non
221 2804 305 2879 edat
327 2803 482 2892 indicia3
505 2817 630 2890 tamen
647 2827 740 2874 num
760 2817 917 2901 propter
934 2803 1013 2874 haec
1032 2831 1113 2902 quae

115 2921 215 2993 dicta
224 2937 312 2994 sunt
321 2920 435 2991 modo
445 2975 454 3009 ,
464 2919 579 2992 aliave
594 2920 836 3016 ejuscemodi,
852 2921 939 2992 satis
952 2920 1115 3020 infirma-

115 3041 148 3110 ri
163 3039 297 3112 credes
307 3039 384 3108 vim
394 3039 567 3108 omnium
580 3035 901 3122 observationum,
919 3037 963 3105 in
976 3036 1129 3133 quibus*

117 3158 196 3230 sine
216 3155 291 3227 ulla
308 3154 562 3253 palpitationis
578 3153 770 3226 mentione
786 3151 1034 3252 adhaesionem
1052 3178 1114 3251 pe·

116 3273 266 3344 ricardii
290 3271 337 3344 ad
367 3295 431 3343 cor
449 3272 682 3369 propositam
712 3267 824 3340 tuisse
852 3269 1115 3346 ostendimus?

116 3392 321 3488 praesertim
338 3413 425 3460 cum
445 3388 522 3459 alin
539 3368 719 3458 accedant
735 3385 1015 3460 observationes
1031 3388 1116 3459 dili-

119 3507 259 3605 gentis‚
286 3521 322 3576 et
342 3507 439 3576 cauti
462 3506 534 3574 viri
557 3503 742 3576 Albertini
758 3502 771 3598 (
784 3502 844 3599 a),
866 3505 932 3601 qui
956 3506 995 3574 in
1019 3505 1116 3576 illius

120 3623 341 3696 adhaesionis
365 3621 503 3718 signis]
523 3623 553 3692 si
578 3647 652 3720 qua
677 3620 773 3694 forte
798 3637 937 3710 essent,
960 3624 1116 3718 perqui-

161 3907 205 3985 (1)
226 3909 261 3964 31
280 3907 312 3961 in
328 3906 420 3962 schol.

163 4005 207 4086 (a)
228 4009 396 4066 Commeat.
406 4005 444 4063 de
456 4005 570 4061 Bouon.
586 4003 634 4061 Se.
646 4003 739 4062 Acad.
753 4014 825 4060 tom.
843 4020 856 4056 1
875 3999 907 4054 in
919 4009 1021 4072 opusc.
