2800 4674
292 432 360 481 100
455 430 501 478 DE
526 427 672 477 SEDIBUS
697 427 740 475 ΕΤ
765 425 888 477 CAUSIS
914 427 1123 478 Moaaouum

285 545 389 634 dere,
415 557 456 614 ut
475 541 636 614 materiae
653 541 801 638 copiam
820 565 898 611 non
920 539 1131 614 defuturam
1148 544 1290 615 iutelli-

285 685 433 759 gamus,
450 660 536 765 vide
560 683 653 729 num
672 657 790 729 liceat.
811 659 980 729 Exterior
1004 660 1105 730 enim
1126 662 1289 760 pingue-

284 779 333 850 do
351 778 398 850 ad
417 777 582 874 spuriam
596 773 855 872 pleuritidem,
873 801 951 844 non
971 773 1018 846 ad
1036 801 1163 872 veram
1180 801 1287 875 spec-

283 911 356 983 tat,
379 910 415 966 et
436 894 634 980 latentem,
652 889 699 963 de
716 917 790 989 qua
807 889 869 962 hic
894 889 1097 989 loquimur.
1125 893 1291 965 Interior

284 1027 408 1083 autem
422 1009 603 1107 quantula
615 1008 767 1080 demum
783 1009 880 1080 sitin
892 1034 970 1079 non
984 1009 1122 1099 obesis,
1132 1013 1290 1082 minime

283 1130 453 1226 ignoras5
474 1127 608 1200 obesos
630 1127 731 1198 enim
756 1127 879 1198 minus
904 1151 983 1200 esse
1008 1127 1200 1225 pleuritidi
1220 1130 1290 1200 ob-

281 1246 434 1335 noxios,
452 1243 673 1345 agnovimus
692 1243 781 1315 alibi
799 1241 852 1341 (r)
866 1269 950 1314 cum
969 1243 1116 1316 medico
1131 1245 1290 1344 diligen-

282 1363 426 1434 tissimo
437 1361 606 1435 Triller0.
622 1362 787 1432 Tertium
800 1361 976 1459 denique,
987 1387 1028 1433 ea
1038 1363 1158 1459 posita
1172 1387 1288 1459 quam
1385 1363 1386 1376 ¹

284 1475 626 1576 frequentissimam
641 1500 719 1548 esse
738 1476 852 1572 hujus
865 1475 990 1548 morbi
1005 1477 1132 1550 sedem
1152 1477 1287 1576 proba-

282 1598 423 1683 vimus,
437 1620 457 1665 a
469 1609 504 1665 te
520 1589 664 1664 facilius
676 1593 981 1692 intelligendum,
1000 1594 1093 1666 illud
1111 1610 1182 1683 est,
1193 1621 1287 1694 quo-

281 1711 398 1784 modo
414 1724 613 1782 cruentum
628 1725 781 1808 sputum
802 1735 897 1810 saepe
916 1709 1011 1784 adeo
1023 1711 1082 1782 vel
1097 1711 1196 1783 inter
1214 1710 1287 1782 hu-

280 1832 342 1926 jus
360 1829 464 1900 initia
480 1852 519 1900 se
536 1826 718 1900 ostendat.
874 1905 878 1916 Ι

332 1953 388 2034 Aa.
416 1949 502 2018 Non
533 1971 616 2027 sum
645 1947 793 2018 nescius
824 1960 919 2044 quot
940 1945 1104 2016 rationes
1128 1945 1199 2014 viri
1230 1948 1287 2016 in·

285 2065 532 2167 geniosissimi
556 2062 802 2160 excogitarint
829 2061 942 2160 huju's
966 2062 1192 2160 explicanda
1216 2065 1289 2153 rei,

283 2183 437 2281 quando
458 2181 569 2251 etiam
586 2181 627 2249 in
646 2179 724 2249 sola
742 2178 874 2277 pleura
893 2195 1116 2252 statueretur
1142 2179 1287 2252 inflam-

281 2300 408 2371 matio.
420 2299 587 2386 Quarum
601 2295 858 2391 antiquissima
871 2281 1078 2369 Erasistrati
1092 2311 1161 2382 est,
1179 2297 1288 2394 cujus

281 2413 399 2488 verba
423 2412 533 2483 nobis
550 2436 571 2485 a
590 2411 732 2482 Galeno
751 2411 804 2509 (a)
823 2428 954 2485 contra
976 2414 1189 2512 disputante
1211 2438 1288 2484 ser-

283 2546 367 2604 vata
381 2545 478 2602 sunt.
493 2530 614 2618 Quam
629 2529 813 2600 rationem
827 2533 997 2628 quamvis
1010 2535 1212 2604 Sennertus
1221 2529 1288 2628 (3),

282 2645 515 2722 dissimulato
530 2659 703 2734 auctore,
722 2661 872 2720 secutus
894 2661 1133 2737 esset,.nune
1160 2663 1286 2718 tamen

281 2765 456 2866 plerique
473 2764 709 2862 ignorarent,
728 2764 915 2835 nisiinter
934 2763 1048 2836 Italos
1058 2765 1116 2834 vir
1132 2763 1287 2853 doctus,

281 2882 459 2980 idemque
473 2879 519 2951 de
538 2879 749 2978 pleuritidis
761 2882 981 2953 tractatione
994 2881 1091 2954 bene
1109 2881 1262 2952 meritus
1275 2935 1286 2968 ,

282 3002 323 3072 in
336 3001 441 3074 bono
454 2998 598 3070 lumine
614 2997 848 3088 collocasset,
865 2999 941 3069 imo
952 2995 1190 3096 probabilem
1203 2997 1286 3069 red·

282 3117 449 3206 didisset,
462 3115 668 3186 Erasistrati
684 3111 808 3187 verbis
824 3140 903 3186 non
914 3113 1028 3186 modo
1039 3112 1086 3184 ad
1103 3139 1207 3186 nunc
1222 3140 1287 3186 co-

284 3236 425 3334 gnitam
447 3232 639 3330 sanguinis
657 3231 957 3304 circumitionem
974 3231 1287 3320 accommodatis,

282 3350 350 3426 sed
370 3352 481 3422 etiam
497 3372 565 3445 per
579 3346 838 3421 bronchialem
857 3351 1046 3438 arteriam,
1067 3372 1180 3446 quam
1197 3353 1286 3442 Era·

283 3469 432 3542 sistrato
448 3479 593 3551 notam,
612 3487 654 3534 ac
674 3464 834 3554 Galeno,
855 3490 962 3566 secus
983 3491 1025 3538 ac
1049 3465 1284 3563 responden-

323 3768 369 3848 (1)
388 3767 482 3844 Epist.
499 3784 553 3836 ao,
570 3785 600 3821 ιι.
617 3783 663 3822 ro.

321 3868 367 3945 (a)
385 3871 429 3924 De
445 3868 504 3923 loc.
519 3865 570 3922 aff.
588 3867 608 3920 1.
627 3863 662 3936 5,
678 3885 704 3920 c.
718 3865 746 3921 3.

316 3967 362 4045 (3)
383 3968 457 4042 Cap.
472 3964 507 4025 16
525 3964 576 4024 eit.
589 3981 694 4042 supra,
710 3963 789 4020 adn.
807 3963 859 4039 39,
874 3981 924 4040 qu.
940 3963 956 4021 3
974 3961 1070 4018 infin.
