2808 4664
291 449 360 523 272
454 447 501 494 ml
527 441 675 493 sumnus
700 442 744 488 ET
769 439 894 490 causis
920 440 1132 494 MORBORUH

282 561 425 634 diutius
436 557 572 632 vidisse
584 582 622 628 se
641 556 757 643 dicat,
774 554 837 628 sed
852 581 935 626 cum
948 581 1112 643 summa,
1133 581 1220 656 quae
1234 558 1304 630 hic

225 681 228 686 ’
283 703 362 752 non
390 683 485 762 erat,
511 680 649 748 virium
676 671 953 770 imbecillitate)
979 674 1052 746 nisi
1070 671 1168 746 forte
1192 674 1236 746 id
1256 675 1305 748 sit

284 796 331 870 ab
357 795 520 878 arteriis,
543 815 637 891 quas
660 788 797 862 medici
817 804 970 889 tangere
990 779 1304 882 cansueverunt‚

285 929 349 987 aut
364 911 545 998 exilibus,
564 924 626 980 aut
647 934 723 978 non
745 931 814 978 suo
835 906 1092 1006 locopositis,
1111 925 1178 982 aut
1196 926 1304 984 certa

285 1034 410 1130 aliqua
422 1031 566 1100 ratione
584 1025 795 1124 impeditis:
816 1049 983 1123 quorum
994 1026 1091 1098 nihil
1107 1029 1209 1100 inea
1223 1053 1304 1100 mu*
1372 1061 1378 1074 ·

284 1151 376 1222 liere
392 1145 671 1245 deprehensum
686 1157 750 1214 est.
764 1143 884 1216 Exiles
896 1158 1022 1215 autem
1035 1157 1140 1235 sunt,
1156 1146 1304 1244 quibus

195 1349 199 1363 ¹
285 1269 325 1338 in
341 1266 470 1363 plures
486 1263 631 1350 divisae,
651 1276 714 1332 aut
730 1260 870 1358 quibus
890 1262 1043 1335 ulnares
1061 1261 1304 1338 crassissim'ae

287 1377 505 1480 obtigerunt
529 1409 537 1450 ε
563 1405 642 1452 non
668 1404 737 1451 suo
755 1380 842 1452 loco
863 1381 1014 1478 positae,
1032 1406 1121 1458 cum
1139 1383 1304 1482 prolun-

286 1500 371 1579 dius
386 1489 576 1586 locantur,
593 1496 659 1568 ubi
676 1521 745 1596 per
763 1512 965 1570 anatomen
983 1523 1005 1568 a
1016 1499 1066 1570 cl.
1084 1501 1231 1574 Torrlaes
1250 1501 1302 1600 (ι)

285 1623 325 1692 in
345 1617 484 1691 femina
501 1629 657 1714 repertae
674 1629 783 1703 sunt,
801 1641 905 1713 quae,
930 1614 1023 1686 dum
1041 1617 1213 1708 viveret,
1233 1619 1305 1692 illis

288 1761 414 1810 carere
429 1734 652 1821 videbatur3
676 1747 740 1804 aut
764 1756 852 1804 cum
871 1757 941 1832 per
963 1732 1058 1806 radii
1072 1733 1239 1808 dorsum
1256 1735 1308 1809 fe·

286 1870 447 1942 runtur;
471 1851 547 1924 hac
574 1853 676 1924 enim
709 1850 818 1922 ivisse
852 1850 1079 1922 crediderim
1104 1854 1145 1924 in
1178 1855 1306 1930 stark-

286 1973 442 2043 mannio
459 1966 525 2068 (a),
543 1969 605 2040 cui
621 1993 701 2040 non
721 1968 831 2040 solita
848 1968 1015 2058 insede,
1041 1994 1178 2042 verum
1201 1972 1304 2046 inter

286 2091 466 2195 pollicem
492 2086 734 2184 iudicemque
757 2084 948 2160 saliebant.
973 2086 1155 2185 Impediri
1173 2105 1305 2164 autem

287 2234 367 2281 non
387 2231 462 2278 una
480 2205 625 2278 ratione
644 2229 776 2303 posse,
795 2228 882 2276 mox
898 2203 1137 2277 indicabitur.

339 2327 371 2397 8.
390 2322 570 2420 Exempla
586 2323 657 2394 alia
678 2321 886 2396 illiusmodi
909 2322 1091 2394 naturalis
1110 2324 1305 2423 asphyxiae

290 2444 366 2518 sive
393 2456 555 2538 utroque
574 2441 613 2511 in
630 2464 762 2538 carp0,
785 2442 862 2512 sive
879 2441 919 2512 in
936 2441 1139 2531 alterutro,
1170 2445 1212 2514 in
1241 2449 1306 2517 Se·

289 2558 490 2660 pulchreto
515 2559 570 2655 (3)
595 2557 774 2630 adnotata
793 2557 931 2645 habes3
957 2575 1000 2630 ut
1023 2560 1181 2633 minime
1203 2587 1309 2660 opus

290 2679 338 2752 sit
361 2702 444 2776 quae
469 2675 563 2748 mihi
587 2677 627 2746 in
667 2676 877 2748 exercenda
905 2677 1092 2749 medicina
1123 2704 1311 2754 occurre-

288 2813 401 2885 runt,
421 2819 585 2868 narrare.
611 2795 730 2865 Simul
751 2775 980 2892 habes‚'qua
1002 2798 1147 2868 ratione
1164 2823 1307 2872 caven-

290 2911 380 2988 dum
412 2915 482 3002 sit,
507 2936 555 2984 ne
582 2911 810 2984 utrumlibet·
838 2913 945 2986 istius
971 2913 1159 3013 asphyxiae
1181 2943 1309 3014 genus

289 3032 402 3106 nobis
428 3033 621 3131 imponat:
642 3053 863 3126 quanquam
885 3032 1096 3104 secundum
1121 3033 1201 3104 'uon
1230 3037 1309 3108 nisi

290 3173 355 3224 eos
374 3145 500 3230 fallere,
526 3146 693 3220 medicos
712 3163 853 3246 potest,
878 3150 945 3246 qui
970 3149 1152 3222 alterium
1168 3154 1323 3242 dunta·'

288 3283 350 3340 xat
369 3281 602 3338 contrectato
616 3289 750 3363 carpo,
768 3268 1044 3363 pronunciant,
1060 3269 1165 3366 quod
1180 3274 1308 3344 Mina·

290 3384 407 3456 doum
422 3387 477 3480 (4)
493 3380 623 3456 fecisse
643 3387 781 3472 mir0r3
806 3398 950 3482 quanto
969 3387 1072 3462 enim
1089 3371 1209 3486 magis
1227 3406 1307 3462 ter-

345 3701 373 3779 1)
394 3699 517 3758 Dissert.
533 3700 571 3758 de
583 3697 673 3756 corde
685 3699 816 3756 inverso.

343 3801 374 3879 π)
394 3803 470 3876 Eph.
489 3802 526 3857 Ν.
540 3801 573 3856 C.
588 3813 665 3856 cent.
684 3819 736 3872 10,
753 3801 818 3856 obs.
837 3805 884 3864 Λα.

330 3801 375 3981 i3)
392 3905 428 3958 ln
443 3898 538 3958 schol.
554 3901 594 3960 ad
606 3902 670 3960 obs.
687 3921 721 3975 ι,
737 3911 808 3962 κει.
822 3899 927 3975 hujus,
942 3910 972 3958 et
987 3898 1026 3960 ad
1042 3900 1107 3960 obs.
1124 3919 1172 3960 10.

329 3999 375 4080 (4)
394 4000 471 4058 lbid.
