2800 4674
313 399 395 541 rod
437 528 440 536 .
474 491 519 538 mr
546 468 691 538 sabinus
716 488 760 535 rr
785 487 907 536 caus1s
933 487 1142 538 nronnomm

308 604 582 696 lumbricorum
614 579 798 674 cumulos
814 601 991 674 duntaxat
1022 603 1243 693 exhibeant,
1257 605 1315 676 'in

307 722 516 812 ventriculo
538 735 575 792 et
597 721 781 812 iptestinis
805 735 994 817 repertum
1019 746 1099 816 qua
1129 737 1220 794 tunc
1250 726 1318 794 Pe·

308 840 453 930 drattus
462 841 500 928 in
513 836 666 924 thorace
676 853 913 910 mortuorum
926 838 1074 926 viderit,
1086 839 1318 928 adscribam

308 959 338 1032 si
355 957 460 1055 prius
480 969 604 1043 tamen
625 978 705 1053 quae
725 957 763 1026 in
787 955 998 1028 viventibus
1026 957 1237 1044 adnotavit,
1270 984 1316 1028 ex

307 1075 352 1147 iis
361 1099 443 1172 quae
457 1089 537 1164 tum
551 1073 766 1171 scripserat,
780 1087 1000 1160 tum‘coram
1011 1072 1153 1146 addidit
1166 1091 1313 1171 postea,

309 1217 394 1264 cum
416 1189 523 1292 plura
543 1205 629 1289 post
653 1191 827 1287 scriptam
845 1191 1040 1288 epistolam
1061 1189 1315 1280 observasset,

308 1303 519 1396 summatim
531 1297 801 1405 significavero.
812 1313 919 1380 Juvat
931 1309 1031 1386 enim
1042 1309 1314 1405 decipientium

306 1425 529 1498 morborum
547 1428 833 1498 constitutiones
851 1427 995 1522 plureS,
1014 1443 1050 1504 ct
1070 1425 1160 1512 alibi
1180 1424 1313 1516 obser-

305 1558 424 1631 vatas,
441 1544 591 1640 legisse,
607 1557 643 1614 et
655 1543 753 1628 inter
768 1567 806 1614 se
820 1545 1031 1616 contulisse.
1049 1543 1115 1614 tlte
1128 1544 1246 1640 igitur
1263 1545 1313 1616 sic

307 1660 960 1741 observavit.Laterisdolorohtusns
970 1662 1215 1758 potiusquam
1225 1685 1316 1757 pun·

307 1801 410 1875 gens,
420 1779 585 1876 primum
599 1780 770 1866 omnium
784 1779 972 1864 existebat,
984 1781 1050 1876 qui
1061 1793 1314 1875 praeterquam
1395 1787 1396 1796 ’

251 1933 276 1960 ⁴
306 1895 409 1992 quod
423 1895 625 1984 nonnullas
635 1895 1314 1982 habebatintermissiones,initioerat

304 2011 519 2102 tolerabilis.
533 2017 678 2084 Interea
694 2029 818 2084 autem
834 2012 1067 2112 apparebant
1079 2010 1219 2085 indicia
1228 2035 1314 2084 ver-

306 2131 425 2209 mium
443 2130 482 2200 in
500 2144 629 2199 ventre
647 2129 919 2202 nidulantium:
937 2130 1030 2226 quin
1041 2129 1180 2200 borum
1197 2129 1315 2225 aliqui

305 2245 563 2342 utplurimum
575 2271 619 2316 ex
633 2270 697 2316 ore
713 2247 837 2341 ejecti,
847 2262 910 2317 aut
921 2271 1007 2318 cum
1019 2247 1090 2318 alvi
1104 2269 1314 2319 recremen-

304 2364 352 2434 tis
362 2361 701 2460 conspiciebantur.
713 2363 830 2432 Simul
840 2379 964 2434 autern
979 2389 1057 2434 non
1069 2364 1147 2436 sine
1157 2364 1266 2450 tussi,
1276 2376 1312 2433 et

304 2478 376 2552 hac
391 2478 625 2568 vehementi,
639 2495 745 2576 sputa
761 2495 867 2552 erant
881 2480 985 2568 alba,
1004 2505 1082 2550 non
1102 2495 1308 2566 concocta,

305 2596 512 2693 eademque
531 2599 745 2695 sanguineis
762 2599 867 2694 quasi
879 2595 1082 2670 filamentis
1087 2599 1164 2693 jam
1182 2599 1310 2670 tincta.

302 2713 446 2802 Febris,
464 2739 545 2810 quae
563 2739 648 2786 cum
666 2715 828 2788 horrore
843 2717 1053 2813 inceperat,
1070 2741 1149 2787 uno
1163 2713 1241 2788 fere
1254 2731 1309 2787 te-

304 2855 415 2920 nore,
432 2847 469 2902 et
480 2856 591 2904 cursu
604 2833 793 2931 perstabat
807 2859 815 2903 :
827 2834 975 2932 pulsus,
989 2859 1068 2904 non
1079 2887 1088 2921 ,
1099 2848 1140 2906 ut
1151 2834 1191 2904 in
1202 2834 1309 2930 pleu-

302 2948 411 3036 ritido
427 2949 562 3037 solent,
578 2949 677 3038 duri,
693 2951 850 3038 tensive3
869 2950 1031 3022 humiles
1044 2965 1167 3039 erant,
1182 2950 1307 3046 parvi,
1393 3031 1394 3058 χ

301 3067 512 3164 inaequales,
533 3067 590 3138 Ad
605 3069 774 3166 quintam
789 3092 927 3164 usque,
947 3082 1011 3138 aut
1029 3091 1240 3154 summum,
1257 3065 1307 3137 ad

300 3176 496 3283 septimam
513 3185 612 3255 diem
628 3185 783 3257 morbus
797 3210 876 3254 non
889 3184 1004 3256 modo
1019 3210 1097 3255 non
1114 3208 1306 3272 crescere,

237 3358 239 3363 .
301 3302 365 3386 sed
385 3303 511 3399 potius
527 3301 762 3390 decrescere,
778 3318 889 3398 atque
902 3300 995 3374 adeo
1006 3303 1083 3398 jam
1103 3288 1305 3399 propemo-

300 3418 391 3498 dum
400 3421 519 3490 victus
530 3444 607 3492 esse
615 3419 1047 3508 videbatur,dolore,ac
1057 3420 1149 3490 tussi
1161 3417 1303 3488 abeun-

297 3536 418 3622 tibus,
432 3535 534 3619 febre
549 3553 672 3610 antem
685 3540 765 3636 ipsa
779 3563 857 3609 non
870 3537 1110 3609 mediocriter
1124 3537 1306 3606 imminu-

297 3669 343 3726 ta.
368 3659 498 3736 Postea
518 3680 608 3726 vero
632 3655 710 3731 haec
739 3656 865 3726 omnia
888 3679 1008 3752 usque
1032 3653 1126 3725 adeo
1157 3651 1302 3746 majora

298 3797 411 3868 quarn
430 3788 557 3860 antea,
580 3771 739 3862 fiebant,
757 3787 935 3868 tantaque
961 3787 998 3843 et
1016 3769 1182 3868 spirandi
1202 3766 1302 3840 diffi-
1392 3809 1393 3842 ι

297 3890 436 3978 cultas,
452 3905 488 3960 et
502 3891 638 3960 virium
656 3891 815 3986 dejectio
830 3888 1126 3987 adjungebatur,
1148 3900 1190 3957 ut
1203 3890 1303 3956 intra

295 4005 408 4078 horas
422 4005 668 4106 quadraginta
680 4009 766 4106 aegri
780 4009 913 4082 misere
930 4007 1104 4106 inquieti,
1120 4007 1222 4078 intus
1232 4026 1301 4076 aes-
