2800 4674
280 390 348 465 166
439 415 486 461 ns
513 410 657 461 scurrus
683 413 726 459 rr
752 411 875 459 causis
902 409 1110 464 nonnosum

276 550 365 626 quc,
392 533 434 598 ut
452 526 563 599 verba
590 525 719 596 ultima
748 525 976 613 ostendunt,
1002 526 1156 598 latentia
1182 531 1277 600 intra

273 643 493 746 pulmonem
512 641 787 714 bronchiorum
799 640 1195 742 frustulasignificavit.
1207 648 1277 718 Sed

273 761 434 835 frustum
447 760 545 832 istud
565 783 732 848 osseum,
745 785 764 830 a
775 759 922 832 medico
936 762 1138 858 rejectum,
1154 788 1275 861 neque

273 875 393 980 figora
417 889 503 951 cum
526 875 692 949 frustulis
716 871 788 950 illis
811 877 1085 950 bronchiorum
1113 879 1275 954 conferri

273 1011 439 1098 poterat,
459 1013 583 1094 neque
608 995 884 1094 magnitudine3
909 1012 952 1068 ut
978 995 1025 1067 ad
1045 999 1207 1095 majores
1226 1025 1276 1070 ar-

274 1115 374 1188 teria
396 1107 557 1185 annulos
581 1124 677 1185 esset
706 1111 957 1186 referendum.
985 1116 1086 1206 Quin
1108 1111 1274 1190 Valsalta

276 1252 320 1304 ex
347 1231 500 1328 larynge
529 1231 628 1328 ipsa,
653 1230 760 1326 cujus
788 1219 1007 1328 grandiores
1040 1233 1273 1332 cartilagines

275 1341 379 1420 hau'd
398 1373 483 1419 raro
503 1367 627 1420 osseas
644 1345 725 1418 fieri
741 1349 896 1438 scimus,
914 1348 1133 1456 abscessisse
1158 1355 1274 1450 suspi-

277 1467 447 1554 cabatur,
474 1489 518 1537 ex
544 1467 646 1566 gravi
665 1467 773 1538 etiam
793 1465 956 1565 laryngis
979 1469 1069 1538 vitio
1097 1469 1275 1567 improvi-

278 1604 354 1658 sam
371 1585 524 1672 medid,
548 1583 785 1682 subitamque
803 1600 963 1655 mortem
980 1584 1171 1658 deduce'ns
1189 1611 1275 1684 pro-

275 1705 414 1802 pterea,
424 1704 527 1800 quod
547 1703 642 1774 duos
656 1703 695 1772 tn
708 1703 929 1773 nosocomio
941 1702 1276 1792 Incurabilium‚la·

275 1821 402 1922 ryngis
415 1821 539 1892 ulcere
552 1820 729 1908 alterum,
744 1817 902 1892 alterum
914 1821 1164 1894 carcinomate
1179 1821 1276 1894 labo·

275 1941 444 2027 cantem,
468 1953 674 2036 utrumque
694 1936 838 2027 subito,
859 1951 998 2009 etcum
1019 1940 1144 2010 minus
1158 1939 1198 2010 id
1218 1965 1275 2011 ex-

275 2073 457 2157 pectaret,
486 2072 679 2127 mortuum
707 2079 784 2128 esse
811 2055 1124 2128 animadverterat
1159 2085 1167 2127 τ
1201 2079 1273 2156 quo

275 2175 429 2271 'virginis
455 2190 609 2270 quoque
635 2195 781 2259 casum,
800 2172 868 2243 tibi
891 2169 980 2244 alias
1000 2173 1054 2270 (t)
1074 2199 1095 2242 a
1117 2194 1178 2246 me
1196 2173 1274 2246 des·

278 2277 457 2388 criptum,
476 2288 614 2360 referre
630 2289 781 2384 poteris.

326 2408 381 2479 26.
405 2399 583 2503 Laryngis
600 2403 693 2475 facta
714 2407 857 2476 mentio
878 2397 924 2478 ad
943 2409 1163 2478 memoriam
1183 2404 1273 2480 illud

275 2541 426 2597 revocat
440 2521 534 2595 adeo
551 2523 729 2595 usitatum
744 2547 787 2594 ac
797 2522 926 2596 tritum
940 2525 1039 2596 inter
1048 2539 1192 2598 veteres
1201 2543 1271 2597 mc-

276 2642 381 2714 dicos
404 2642 540 2740 dogma
561 2639 607 2712 de
630 2641 746 2712 acria
766 2643 885 2739 capite
902 2643 942 2712 in
959 2623 1172 2741 laryngem‚
1192 2641 1271 2742 pul·-

274 2785 482 2860 monesque
503 2759 703 2832 distillante
731 2760 909 2848 materia,
937 2775 973 2832 et
1002 2759 1183 2858 phthisim
1209 2759 1271 2832 de-

275 2904 378 2949 mum
395 2874 584 2952 afferente.
611 2876 722 2967 Quod
744 2877 898 2974 dogma,
922 2879 952 2948 si
974 2879 1104 2975 capitis
1120 2881 1271 2949 nomine

273 2997 477 3096 pharyngis
494 2994 695 3084 fornicem,
713 2997 955 3091 internasque
977 3021 1085 3067 nares
1095 2977 1271 3093 *accipere

274 3107 453 3186 duntaxat
463 3092 636 3200 velinius3
648 3134 733 3183 curn
747 3135 837 3182 vero
846 3111 1035 3182 interdum
1049 3115 1270 3198 consentire,

274 3257 353 3302 non
369 3229 599 3328 negabimus.
618 3229 884 3300 Glandulosam
904 3231 1005 3301 enim
1019 3231 1184 3302 tunicam
1198 3254 1270 3327 qua

272 3349 343 3419 illae
360 3350 548 3419 instructae
570 3362 656 3420 sunt
679 3361 820 3444 partes,
847 3346 1046 3417 humorem
1069 3346 1268 3445 aliquando

273 3489 468 3536 secernere
497 3465 563 3562 qui
589 3461 771 3534 erodendi
796 3463 870 3533 vim
902 3463 1055 3554 habeat,
1080 3467 1269 3536 erosiones

271 3580 417 3682 quaein
446 3568 535 3678 ipsis
551 3579 736 3651 ¹accidunt
765 3580 952 3678 partibus,
979 3583 1065 3652 satis
1095 3580 1269 3654 videntur

308 3951 352 4028 (ι)
371 3953 465 4028 Epist.
484 3949 534 4024 15,
552 3971 582 4008 n.
602 3947 647 4011 13.
