2800 4674
160 387 239 437 na.
272 385 313 438 ιι.
341 389 388 438 os
405 361 549 436 noams
574 387 772 452 monacis,
797 388 909 452 musa.
930 389 1020 434 xxm
1052 363 1120 438 133

99 499 392 576 lescentuloita
407 518 597 576 contracta
606 503 796 600 pulmonis
813 501 1019 574 substantia
1029 497 1120 594 emt,

99 635 146 692 ut
174 621 350 693 ambitus
376 623 530 704 minime
550 635 646 693 esset
670 619 913 709 imminutus3
938 622 1032 718 quin
1057 621 1121 692 hic

100 723 206 810 adeo
229 738 475 828 decreveram
490 753 532 812 ut
549 765 569 809 a
585 738 710 835 primo
728 736 856 810 deesse
871 738 1003 835 pulmo
1019 739 1122 812 vide·

101 871 229 928 retus.
252 857 369 952 Cujus
387 859 482 928 tanti
496 856 728 928 decrementi
746 854 884 952 duplex
901 857 1026 960 potuit
1042 881 1123 930 esse

101 997 245 1062 causa,
261 973 378 1046 altera
393 973 608 1046 substantia
625 973 763 1067 intimae
776 973 968 1070 pulmonis
986 993 1124 1070 magna
1169 1019 1182 1039 ι

102 1115 177 1188 per
198 1093 519 1188 suppurationem
545 1091 804 1187 consumptio:
819 1089 934 1162 altera
958 1090 1123 1164 ambitus
1233 1126 1238 1138 ·

102 1209 313 1306 pulmonis
332 1209 562 1306 compressio
582 1234 602 1279 a
620 1207 724 1306 puris
739 1207 778 1278 in
799 1206 993 1280 thoracem
1014 1185 1125 1281 effisi

103 1328 225 1427 copia
242 1341 367 1416 tanta,
383 1342 425 1397 ut
441 1326 544 1398 illam
556 1327 669 1422 hujus
689 1347 838 1398 caveam
853 1327 1010 1398 omnino
1023 1351 1124 1400 com·

101 1432 247 1541 pleret.
265 1446 473 1543 Utriusque
492 1460 618 1516 autem
633 1467 750 1516 causae
768 1445 979 1541 quantavis
996 1446 1060 1534 sit,
1078 1472 1123 1518 ex

102 1557 215 1632 hisce
224 1562 317 1658 ipsis
328 1561 566 1660 Sepulchreti
576 1559 806 1633 sectionibus
817 1558 977 1661 intelligi
985 1575 1119 1659 potest.
1149 1617 1158 1637 .

102 1679 196 1748 Non
214 1692 354 1774 paucas
368 1679 488 1766 enim,
503 1703 574 1749 nec
591 1700 800 1775 paucorum
819 1679 859 1748 in
874 1679 918 1749 iis
933 1678 1034 1775 leges
1053 1677 1120 1749 oh-

102 1797 345 1885 servationes
354 1795 427 1892 (1),
440 1793 635 1891 exquibus
646 1809 811 1882 constat,
826 1795 1018 1891 pulmonis
1030 1819 1120 1892 prae-

101 1913 245 1984 sertim
270 1912 422 1984 alterius
441 1937 521 1982 non
542 1895 700 1982 multam
727 1911 863 2000 modo,
884 1911 949 1982 sed
976 1913 1122 1983 univer·

105 2054 192 2101 sam
207 2053 366 2126 prorsus
383 2029 627 2134 substantiam
648 2003 920 2126 suppuratione
945 2027 1121 2127 absump-

104 2160 168 2218 tas
189 2143 316 2219 fuisse.
338 2145 483 2236 Quibus
508 2172 586 2218 non
604 2144 742 2218 desunt
766 2169 859 2243 quas
881 2144 1006 2221 addas.
1032 2150 1121 2220 Am-

107 2263 306 2360 plissimus
323 2265 422 2335 enim
440 2265 616 2336 Senacius
628 2263 682 2361 (s)
693 2287 969 2360 nonnunquam
979 2265 1122 2362 pulmo·

106 2381 171 2454 nis
202 2381 335 2454 lobum
359 2397 482 2456 totum
504 2382 598 2454 vidit
621 2395 908 2479 consumptum,
932 2383 1027 2454 etin
1048 2407 1120 2482 pus

107 2498 332 2589 redactum3
352 2487 517 2572 Laubius
540 2515 665 2572 autem
682 2499 736 2598 (3)
752 2501 974 2598 pulmonem
994 2499 1121 2577 deue-

108 2642 199 2688 rum
210 2618 309 2690 intra
319 2616 580 2692 incredibilem
591 2615 707 2690 ferme
719 2619 866 2716 copiam
877 2619 1121 2714 purism’assi,
1188 2661 1193 2674 .

109 2733 214 2809 ultra
230 2733 468 2810 medietatem
484 2734 745 2832 absumptum:
765 2759 842 2831 quo
854 2731 1052 2806 referenda
1068 2737 1120 2808 vi·

110 2848 226 2922 detur
239 2850 450 2924 observatio
469 2876 624 2949 quoque
646 2851 906 2924 humanissimi
923 2853 1021 2924 senis
1036 2857 1119 2941 ‘Do-

111 2969 412 3057 miniciPasseri,
433 2969 570 3042 medici
586 2956 859 3042 Pisaurentium
869 2971 1057 3067 primasii,
1070 2971 1118 3042 ad

115 3109 176 3156 mc
193 3087 334 3183 scripta
352 3109 457 3158 anno
475 3111 553 3184 quo
569 3087 668 3158 edita
681 3101 751 3174 est,
764 3087 877 3184 17343
897 3102 935 3159 et
952 3111 1034 3184 quae
1049 3088 1118 3184 mi·

113 3199 273 3274 rabilior
288 3217 365 3290 est,
381 3203 678 3278 MarciGerbezii
688 3201 755 3298 (A),
768 3203 834 3300 qui
848 3201 1023 3277 eumdem
1037 3188 1119 3302 pul·

152 3536 203 3616 (a)
219 3541 253 3596 S..
265 3539 298 3610 6,
313 3539 378 3594 obs.
393 3545 425 3607 4,
447 3558 479 3596 ιι
491 3579 500 3610 ,
511 3549 539 3595 et
552 3538 584 3594 iu
596 3538 747 3598 Additum.
760 3533 824 3598 obs}
840 3561 871 3614 1,
887 3545 950 3613 §a,
967 3554 996 3600 et
1006 3543 1125 3616 obal,
1249 3553 1253 3560 '

115 3646 181 3694 ets.
198 3657 226 3710 7,
241 3639 306 3699 obs.
324 3657 377 3710 no,
397 3636 447 3709 55,
465 3640 519 3696 103
534 3649 564 3694 et
576 3649 638 3694 cat.

154 3736 198 3814 (a)
219 3738 319 3796 Traite
331 3739 372 3797 du
384 3757 477 3809 eccur,
489 3739 511 3794 l.
526 3729 559 3810 ’4,
573 3736 619 3796 ch.
636 3739 667 3810 3,
683 3759 714 3796 n.
729 3755 762 3796 a„

154 3836 198 3914 (3)
218 3841 284 3896 Act.
297 3840 336 3895 N.
352 3841 386 3894 C.
405 3849 477 3894 tom.
493 3856 527 3908 a,
541 3839 605 3896 obs.
621 3858 694 3911 1⁰7·-

156 3935 198 4016 (4)
219 3937 362 3996 Εοιιιιιιᾱ.
372 3939 448 4020 Eph.
466 3939 533 3996 dec.
546 3939 619 4012 3,A
632 3941 664 4010 3,
676 3939 742 4000 obs·
756 3936 786 3996 θ’.

630 4025 647 4059 Ι
