2850 4668
129 555 130 558 ,
221 517 290 566 ma.
319 518 359 564 11.
388 514 951 582 nruouarsruouac1s,nr1sr.
978 518 1051 566 xxi.
1131 493 1154 568 5

142 637 267 726 Quam
283 657 354 732 ego
369 632 536 704 tunicam
556 629 646 702 dum
664 655 685 701 a
701 632 943 728 circumjecta
960 659 1072 707 carne
1094 653 1155 706 se-

141 776 340 852 pararem,
366 750 464 821 hanc
483 773 611 822 sanam
632 750 758 848 reperi
780 764 863 821 tum
890 751 1154 841 circumcirca,
1216 778 1218 782 ’

143 887 232 942 tum·
250 895 325 968 qua
345 867 589 941 tuberculum
605 869 706 938 inter
728 883 764 939 et
779 868 980 940 ventriculi
1004 894 1156 942 caveam

143 985 422 1076 intercedebat3
451 1011 576 1084 neque
598 986 700 1056 enim
718 985 813 1058 illud
836 986 935 1058 ultra
956 973 1156 1060 dimidium

143 1104 403 1178 crassitudinis
412 1105 493 1200 ejus
507 1105 547 1174 in
558 1129 636 1201 quo
647 1118 831 1205 creverat,
842 1105 994 1203 parietis
1004 1129 1042 1177 se
1055 1106 1156 1176 mul-

144 1240 229 1296 tum
242 1221 477 1294 extendebat.
496 1222 668 1320 Denique
682 1223 830 1294 sinistra
846 1223 971 1296 cordis
987 1224 1157 1294 auricula

144 1344 402 1440 multoquam
420 1339 556 1429 soleat,
574 1339 743 1440 longior,
764 1356 801 1413 et
821 1342 861 1413 in
882 1339 975 1413 facie
994 1343 1154 1414 interna.

144 1467 268 1553 Aortae
285 1457 502 1557 frequentes
519 1482 631 1530 osseae
649 1459 852 1556 squamulae
873 1458 1157 1557 conspicieban-

143 1593 229 1666 tur;
251 1575 298 1648 ad
318 1589 556 1647 curvaturam
576 1577 782 1673 praesertim
802 1591 838 1648 et
859 1601 980 1675 prope
996 1601 1082 1664 cor,
1104 1577 1156 1646 sic

143 1711 272 1768 tamen
300 1709 343 1766 ut
369 1717 498 1766 earum
536 1708 763 1792 apparerent
794 1693 974 1766 dmitaxat
1003 1693 1158 1766 inchoa-

144 1828 274 1904 menta
290 1810 567 1910 ponevalvulas
592 1811 847 1885 seminulares.
871 1816 1056 1884 Caeterum
1078 1810 1156 1880 illa-

144 1957 234 2004 rum
247 1932 380 2028 aliqua
393 1930 505 2000 etiam
519 1926 626 2018 alibi,
644 1943 680 2000 et
692 1929 916 2000 nominatim
934 1926 982 1998 ad
998 1928 1157 1998 coeliacae

147 2047 452 2133 orificium,non
466 2043 632 2116 deerant.
996 2139 1001 2145 ἱ

164 2147 166 2152 ’
201 2165 234 2238 5.
255 2162 443 2258 Decordis
453 2161 653 2262 tuberculo
666 2162 728 2236 hic
740 2165 905 2261 primum
919 2161 1159 2261 dicamquod
1219 2211 1225 2222 ·

148 2285 228 2357 dixi
242 2307 329 2355 cum
341 2281 380 2353 id
397 2279 630 2354 auditoribus
646 2281 906 2371 ostenderem,
922 2308 968 2355 ex
979 2281 1051 2353 hac
1066 2305 1159 2379 quo-

148 2427 225 2501 que
247 2399 509 2474 observatione
532 2399 712 2498 intelligi,
738 2424 818 2472 non
848 2401 933 2473 satis
962 2424 1049 2472 cum
1065 2423 1159 2470 vero

150 2544 361 2620 congruere
375 2518 543 2590 Pliniana
557 2515 611 2616 (ι)
625 2517 692 2634 illa
707 2517 823 2590 verba
836 2546 844 2588 :
860 2519 982 2589 solum
993 2518 1065 2588 hoc
1082 2521 1157 2588 vis-

150 2661 275 2709 cerum
292 2634 400 2736 (cor)
418 2641 520 2729 vitiis
535 2660 617 2732 non.
634 2651 863 2724 maceratur,
881 2659 949 2706 nec
972 2633 1159 2732 'supplicia

150 2753 391 2828 vitaetralzit:
410 2735 611 2851 loesumque
623 2768 780 2825 mortem
792 2753 891 2824 illico
908 2753 1033 2846 affirt.
1047 2756 1159 2826 Nune

151 2871 273 2945 addo:
291 2897 363 2944 nec
378 2873 464 2943 satis
472 2895 661 2944 cumvero
672 2873 875 2961 convenire
889 2870 1160 2968 plerorumque

154 2991 397 3088 opinionem,
415 2990 597 3080 nimirum
614 3012 680 3060 cor
694 2989 820 3061 laesum
838 2989 918 3060 sine
934 2987 1080 3084 aliquo,
1096 2997 1161 3054 aut

154 3107 328 3208 pluribus
342 3131 486 3179 eorum
511 3120 808 3204 symptomatum
825 3129 904 3176 esse
928 3128 1007 3174 non
1030 3125 1160 3200 posse,

157 3248 322 3324 quorum
343 3225 489 3296 nullum
508 3227 548 3295 in
568 3221 644 3295 hoc
662 3247 750 3295 sene
766 3219 1032 3311 fuisse,'retuli.
1055 3221 1164 3309 Quae-

156 3369 245 3416 nam
268 3359 394 3415 autem
422 3341 564 3415 fuerint
580 3343 622 3413 in
645 3341 826 3439 Veslingii
845 3340 967 3411 nostri
990 3336 1167 3411 observa·

156 3463 282 3550 tione,
301 3461 443 3544 rariore
461 3459 512 3532 ob
529 3459 677 3548 sedem,
692 3458 740 3530 ad
749 3456 855 3529 idem
868 3471 995 3528 tamen
1008 3479 1050 3526 ac
1065 3479 1166 3543 mea,

118 3655 122 3665 ,
159 3603 277 3677 genus
293 3577 679 3662 attinente‚Rhodius
691 3576 746 3674 (ᾳ)
759 3577 826 3674 qui
839 3575 940 3648 illam
958 3572 1169 3671 proposuit,

159 3697 399 3795 peculiariter
425 3695 561 3768 docere
589 3693 835 3794 praetermisit.
855 3695 1050 3782 Quantum
1068 3688 1170 3760 enim

202 3984 246 4062 (ι)
266 3988 335 4044 Nat.
350 3985 428 4040 Hist.
444 3985 466 4039 l.
483 4003 535 4054 11,
550 4003 574 4040 c.
590 3984 640 4056 37.

203 4085 247 4164 (a)
267 4089 353 4144 Ceut.
369 4087 402 4159 3,
421 4083 485 4142 obs.
499 4083 578 4142 med.
595 4089 624 4152 4.
