2808 4664
267 427 334 527 198
428 449 474 496 nn
501 447 648 496 sumnus
671 445 715 493 nr
740 443 863 492 csus1s
887 445 1098 493 nonnosum

262 563 368 637 modi
392 586 522 635 sensus
544 560 611 657 qni
636 558 784 630 mulieri
808 558 991 631 molestus
1017 575 1096 631 erat
1121 561 1168 632 ad
1191 563 1269 659 spi-

262 707 368 771 nam,
386 681 552 777 itemque
572 677 634 749 ille
658 677 751 748 alter
764 678 832 774 qui
851 701 919 776 per
937 677 1092 748 lsraclsia
1112 703 1268 776 praeser·

262 801 331 871 tim
351 824 388 871 se
403 795 628 882 extendens,
642 796 912 892 aneurysmatis
931 795 1186 892 suspitionem
1201 821 1269 866 au·

263 917 396 1015 gebat,
419 937 504 984 cum
525 912 572 984 ab
593 915 727 983 arteria
747 913 900 1010 quidem
918 912 1026 985 facile
1045 929 1164 1000 esset,
1182 937 1266 986 non

264 1048 392 1108 tamen
419 1031 586 1118 dilatata,
605 1029 670 1102 sed
684 1030 949 1128 quadantenus
962 1055 1091 1120 erosa,
1108 1057 1190 1128 quae
1217 1047 1268 1104 ta·

266 1151 376 1224 metsi
397 1173 520 1221 ramos
542 1148 604 1219 dat
629 1172 696 1246 per
719 1173 832 1219 omne
852 1171 991 1247 corpus
1012 1150 1246 1247 pertinentes
1253 1205 1267 1239 ‚

267 1269 385 1366 magis
401 1282 526 1338 tamen
550 1264 703 1336 brachia
720 1263 924 1354 afficiebat,
950 1265 996 1336 ad
1018 1291 1101 1363 quae
1118 1279 1266 1357 ramos,

267 1387 369 1484 ipsos
384 1410 536 1483 quoqne
547 1383 684 1455 eodem
699 1398 893 1481 correptos
904 1384 1017 1471 vitio,
1030 1405 1152 1482 prope
1166 1369 1271 1456 trun-

270 1527 356 1576 cum
394 1502 521 1574 saltem
551 1499 730 1571 mittebat.
763 1506 844 1571 lam
870 1525 961 1571 vero
991 1503 1021 1572 si
1050 1517 1162 1573 aonae
1190 1529 1268 1574 non

270 1620 377 1717 quasi
404 1617 451 1688 ab
474 1617 568 1688 illito
592 1619 721 1689 oleoso
740 1617 908 1714 quodam
936 1617 1096 1690 humore
1119 1620 1269 1708 laevem,

269 1736 334 1810 sed
352 1761 520 1835 asperam
536 1791 545 1824 ‚
560 1752 597 1807 et
611 1735 832 1831 inequalem
852 1734 985 1808 factam
1000 1791 1010 1824 ,
1024 1751 1067 1808 ut
1084 1737 1268 1822 diximus,

269 1849 440 1926 intimem
470 1851 600 1924 faciem
626 1852 815 1940 attendas,
841 1854 1041 1950 minusque
1069 1871 1268 1952 propterea

268 1971 471 2059 lubricam,
486 1986 523 2042 et
534 1971 707 2059 mollem,
719 1985 776 2060 et,
792 1970 896 2068 quod
910 1973 1176 2068 consequitur,
1191 1999 1267 2043 nnn

270 2088 385 2161 modo
401 2089 625 2176 transeunti,
640 2087 705 2159 sed
722 2103 759 2159 et
776 2087 1004 2160 distendenti
1018 2090 1192 2186 sanguini
1208 2092 1269 2160 mi·

271 2229 343 2278 nus
362 2204 575 2293 cedentem,
591 2205 787 2301 multoque
803 2206 913 2277 etiam
929 2206 1054 2276 minus
1073 2205 1267 2279 cedentem

271 2319 524 2394 musculosam
539 2323 720 2410 tunicam,
745 2321 795 2393 ob
812 2320 925 2394 libras
945 2322 1118 2394 videlicet
1137 2325 1267 2421 magis,

271 2441 461 2526 minusve,
477 2439 653 2537 sedsaepe
674 2438 767 2510 adeo
790 2440 1002 2528 convulsas,
1018 2453 1061 2510 ut
1074 2440 1134 2510 vel
1150 2441 1191 2510 in
1211 2465 1268 2512 ca-

271 2555 406 2630 davere
417 2572 596 2630 truncum
612 2559 754 2630 arteriae
770 2560 963 2656 aliquanto
980 2559 1268 2629 contractionem

269 2673 500 2764 invene1im3
527 2677 769 2774 perspicuum
792 2677 886 2759 erit,
908 2691 1095 2772 quantum
1122 2675 1173 2746 ob
1205 2676 1268 2747 has

273 2815 421 2882 omnes,
444 2807 480 2864 et
503 2794 707 2890 praesertim
727 2792 777 2864 ob
799 2794 966 2864 ultimam
985 2817 1151 2881 causam,
1167 2809 1268 2865 sorta

270 2912 442 3007 sanguini
459 2912 661 3000 resisteret3
686 2897 729 2984 ut
746 2915 845 2984 esset
868 2927 1067 3010 propterea
1079 2911 1188 2983 cordi
1212 2937 1268 2983 ve-

269 3025 482 3100 hementius
491 3029 763 3102 connitendum
775 3027 822 3099 ad
838 3028 1027 3101 obstacula
1038 3030 1269 3128 superanda,

272 3158 309 3214 et
332 3147 573 3242 sanguinem,
595 3171 689 3244 saepe
709 3161 875 3244 exparte
899 3147 1025 3243 aliqua
1042 3148 1080 3218 in
1102 3168 1140 3218 se
1164 3148 1269 3218 resti·

270 3274 429 3350 tantem,
440 3265 598 3334 omnino
613 3262 903 3336 extrudendum:
918 3287 1138 3362 quocumex
1153 3263 1269 3335 altero

270 3378 525 3476 palpitationis
545 3405 711 3470 causam,
731 3408 775 3453 ex
791 3379 909 3453 altero
924 3383 1035 3454 etiam
1052 3395 1170 3452 nuctae
1187 3406 1270 3452 cor-

270 3493 333 3566 dis'
344 3497 613 3594 magnitudinis
627 3499 877 3597 intelligimus.
890 3503 944 3570 De
959 3497 1031 3568 hac
1049 3513 1173 3570 autem
1184 3521 1270 3568 cum

271 3609 361 3684 elias
375 3612 537 3707 (1).adte
548 3615 822 3713 scripserimus,
843 3639 967 3712 neque
985 3615 1032 3685 de
1045 3617 1125 3710 ejus
1136 3616 1272 3700 causiS,

269 3743 335 3800 aut
362 3726 576 3821 effectibus,
606 3757 730 3830 neque
757 3733 804 3804 de
834 3735 917 3831 ejus
950 3730 1272 3814 observationibus

310 3950 354 4038 ¹(1)
374 3965 467 4040 Epist.
485 3985 519 4038 17
537 3978 566 4023 et
581 3967 626 4024 18.
