2816 4668
131 403 200 450 nm.
227 401 269 449 11.
295 397 504 448 arnonius
528 397 724 464 moriers,
748 362 866 448 nrisn
887 401 984 446 xxm.
1013 377 1081 464 Alit

69 541 163 587 cum
181 516 392 612 infirmatas
410 537 457 586 cte
480 538 677 610 suspensas
694 527 815 584 costas
828 519 999 584 sentiant.
1012 513 1085 584 Sed
1103 549 1105 553 ·

66 631 224 704 facilius
237 647 308 718 est,
321 631 469 728 inquis,
488 629 563 701 hoc
577 629 803 727 intelligere,
817 655 894 728 quo
910 629 1085 702 videlieet
1155 688 1157 696 .

63 751 193 828 modo
221 765 371 828 tumens
395 763 527 820 venter
555 763 676 820 costas
706 771 820 844 quam
843 748 956 836 illud,
988 774 1085 846 quo-

65 867 194 962 modo
209 883 360 961 tumens
381 865 613 939 ventriculus
634 865 777 936 viscera
801 863 990 938 suffulciat
1012 867 1085 938 sibi
1163 907 1166 911 ·

67 985 264 1084 imposita.v
285 987 379 1055 Nam
399 999 441 1078 nt
453 999 603 1056 tumens
618 979 780 1053 fundum
797 1008 876 1054 non
891 983 1082 1073 deorsum,

66 1103 145 1176 sed
170 1117 385 1174 antrorsum
417 1101 611 1190 obvertat,
640 1097 837 1192 suffulcire
860 1101 1020 1191 lienem,
1045 1117 1083 1174 et

67 1221 322 1294 sinistriorem
340 1219 522 1316 jecinoris
546 1232 692 1317 partem
713 1218 872 1316 poterit3
892 1217 1080 1296 dexterio-

65 1361 159 1410 rem
182 1352 331 1422 tamen,
348 1361 430 1434 quae
448 1336 568 1427 multo
581 1350 637 1408 est
650 1336 819 1434 gravior,
836 1361 915 1406 non
929 1339 1079 1434 poterit.

33 1451 35 1455 ’
65 1459 131 1526 Tu
152 1479 243 1526 vero
270 1454 345 1524 huc
371 1453 486 1540 adde,
506 1453 612 1522 aiunt
631 1452 775 1548 aliqui,
800 1451 968 1547 subjecta
989 1454 1079 1555 huic

65 1572 196 1672 parti,
212 1573 358 1668 ipsique
375 1567 586 1640 ventriculo
599 1568 800 1654 intestina,
819 1582 856 1637 et
874 1575 1080 1664 praesertim

69 1688 213 1775 colon;
230 1689 282 1758 sie
299 1685 506 1784 intelliges,
527 1698 569 1755 ut
587 1683 731 1781 repleta
749 1683 827 1754 haec
843 1737 852 1770 ‚
870 1709 1080 1783 eorumque
1168 1699 1172 1708 “

69 1831 164 1878 vasa
183 1819 264 1876 tum
277 1785 407 1900 jecur,
422 1819 502 1874 tum
522 1801 776 1873 ventriculum
798 1826 952 1899 quoque
971 1805 1081 1875 susti-

70 1937 201 1996 neant.
221 1919 368 2013 Quibus
385 1921 416 1992 si
432 1919 659 2018 respondes,
674 1944 754 1991 non
771 1901 846 1990 hoe¹
856 1933 893 1992 te
913 1944 1080 2016 quaerere

73 2067 122 2114 eo
137 2057 311 2138 tempore
323 2062 411 2110 cum
424 2038 599 2124 intestina
613 2092 623 2126 ,
640 2052 677 2109 et
691 2061 824 2108 eorum
838 2061 925 2109 vasa
934 2039 1080 2136 repleta

76 2173 190 2246 sunt,
207 2155 273 2229 sed
288 2179 375 2226 cum
397 2154 626 2226 ventriculus
642 2169 812 2242 tantum;
831 2180 954 2252 neque
978 2157 1080 2228 enim

74 2275 185 2344 illum
208 2297 360 2346 sensum
381 2273 489 2370 quasi
516 2272 762 2370 pendentium
776 2273 967 2346 ,viscerum
987 2289 1079 2348 tuno

78 2389 237 2470 demum.
253 2391 335 2472 tolli
353 2405 553 2488 postquam
579 2390 723 2488 ingesta
746 2389 793 2460 ad
810 2392 1017 2482 intestina,
1041 2407 1079 2466 et

76 2508 191 2583 colon
214 2509 475 2606 potissimum,
498 2521 610 2604 atque
632 2531 765 2580 eorum
785 2533 880 2580 vasav
895 2534 1077 2607 pervene-

76 2641 190 2716 runt,
219 2623 359 2698 ethaeo
388 2623 668 2724 impleverunt:
697 2625 766 2698 *sed
795 2627 915 2699 multo
942 2643 1075 2718 antea;

75 2743 191 2815 iidem
217 2767 308 2815 vero
344 2746 463 2838 totam
494 2725 575 2814 rem
611 2763 844 2840 proponere·
864 2737 1073 2817 distinctius

75 2863 245 2950 scient,et
255 2860 479 2948 ventriculo,
485 2843 681 2957 primaque
695 2860 962 2930 intestinorum
970 2876 1075 2956 parte

74 2977 252 3076 impleta,
276 2977 369 3074 quid
392 2977 466 3048 huc
494 2973 631 3047 faciant
655 2975 819 3046 musculi
841 2974 1075 3066 abdominis,

75 3095 274 3194 perspicue
301 3093 527 3181 ostendere,
551 3108 589 3164 et
615 3079 771 3164 fortasse
795 3093 906 3162 etiam
928 3094 1020 3190 quid
1043 3096 1074 3168 is

74 3215 206 3312 vigor,
226 3236 362 3310 quem,
380 3213 440 3282 vix
467 3211 666 3308 assumptis
691 3207 987 3284 refocillantibus
1010 3213 1075 3284 ali·
1113 3245 1117 3248 ·

74 3331 234 3417 mentis,
266 3329 306 3399 in
340 3343 463 3399 totum
496 3351 636 3425 corpus
665 3326 797 3398 diduci
822 3328 1073 3425 percipimus,

77 3445 192 3544 quid,
219 3447 404 3542 inquam,
432 3446 463 3516 is
487 3443 597 3518 faciat
610 3446 665 3518 ,in
698 3443 827 3518 fulcris
858 3444 904 3517 de
935 3446 1073 3544 quibus
1155 3479 1157 3482 ¹

76 3561 257 3652 diximus,
277 3561 604 3635 contendendiset
624 3561 1086 3660 quadantenus.attollen-„

78 3679 143 3750 dis.
173 3680 266 3750 Satis
293 3701 480 3778 superque
499 3681 577 3776 jam
602 3679 745 3752 dictum
761 3695 879 3778 puto,
905 3696 947 3751 ut
970 3682 1072 3754 unde

78 3796 357 3875 concidentium
388 3810 577 3868 costarum
612 3821 756 3868 sensusx
769 3797 809 3866 in
843 3820 885 3868 ea
916 3777 1091 3874 muliere¹

79 3927 172 3987 esset
190 3913 397 4012 intelligas,
420 3915 528 4009 eujus
549 3915 667 4002 vires,
700 3929 737 3986 et
765 3913 937 4020 ciborum
961 3939 1073 4013 appe·
