2820 4668
330 403 401 478 560
484 425 535 474 nn
561 423 778 475 snnrnosnr
803 417 1159 478 cins1srrounortnrr
1222 451 1226 460 ·

329 540 461 638 augeri
483 537 744 637 prohiberent.
768 537 842 610 Sed
854 514 933 635 jam
959 539 1048 613 satis
1062 541 1110 614 de
1128 543 1289 640 repentinis

330 657 520 730 mortibus
541 657 731 754 scripsisse
751 655 910 744 videor,
934 671 971 729 et
989 657 1037 730 de
1057 659 1290 732 arteriaruniu

331 801 373 848 os
390 777 655 861 conversione,
667 773 713 844 de
726 797 802 870 qua
819 773 956 872 agendi
973 799 1124 848 cansam
1139 777 1209 874 ipsa
1221 775 1293 848 dedit

329 892 478 966 illarum
499 894 681 964 tractatio.

317 1079 323 1086 .
379 1013 437 1085 31.
458 1013 569 1082 Nunc
597 1010 645 1082 de
671 1010 751 1082 aliis
769 1009 918 1083 ossibus
942 1026 1079 1110 praeter
1105 1027 1253 1084 naturam
1269 1034 1292 1080 se

330 1128 561 1200 habentibus
583 1127 774 1200 scribendi
788 1129 1026 1200 occasionem
1050 1129 1225 1228 praeberet
1242 1151 1294 1199 see·

329 1246 383 1317 tio
399 1250 486 1334 XII,
505 1269 580 1342 qua
599 1245 834 1342 Sepulcbreti
850 1245 950 1318 libro
964 1245 1096 1320 IIfinis
1110 1247 1293 1346 imponitur,

312 1364 510 1460 inscripta
530 1361 579 1432 da
608 1363 863 1452 Gibbositate,
882 1379 920 1434 et
942 1364 1187 1444 dissentiones
1205 1359 1293 1462 profe

329 1505 419 1554 rens
441 1480 709 1579 gibbosorum,
728 1495 767 1553 et
786 1481 1068 1554 raebiticorum.
1096 1481 1168 1555 Sed
1188 1507 1248 1580 ego
1260 1505 1296 1550 n·

310 1598 468 1672 -cbitide
487 1596 643 1672 affectos
659 1599 821 1672 secuisse
844 1625 924 1674 non
948 1603 1131 1690 memini,
1153 1617 1192 1672 ut
1208 1622 1295 1696 neque

299 1717 563 1814 ¹Valsalvaru,
591 1743 718 1815 neque
741 1717 862 1789 ullum
889 1720 928 1790 in
955 1721 1062 1790 Italia
1091 1717 1296 1804 amicum,si

267 1881 270 1888 -
315 1837 691 1934 ,experientissimum
706 1837 831 1908 virum
855 1838 1017 1936 excipias
1038 1839 1236 1910 Antoniuun
1252 1840 1295 1906 Be

324 1955 505 2026 nerolurn
519 1954 574 2053 (1)
585 2008 596 2043 ,
607 1955 675 2052 qui
689 1977 775 2026 suas
786 1955 885 2052 ipse,
897 1979 957 2028 me
972 1977 1132 2053 quoque
1146 1956 1294 2040 hortante,

240 2123 243 2130 ·
303 2125 306 2130 ·
325 2072 607 2146 observationes
619 2072 931 2171 edidit,ingenue
943 2089 982 2146 et
994 2076 1195 2174 perspicue
1217 2073 1295 2168 scrip

325 2207 408 2281 tas,
436 2217 524 2264 curn
551 2212 683 2264 eorum
711 2215 794 2288 quae
816 2191 1024 2264 incidendo
1050 2190 1295 2274 animadvertit,

326 2325 407 2380 tum
435 2333 568 2380 eorum
599 2333 682 2406 quae
713 2309 884 2382 curando
915 2309 1019 2382 utilia
1052 2312 1094 2382 in
1125 2305 1296 2410 perdifficili

310 2426 498 2524 alioquin
513 2426 650 2498 morbo
664 2443 841 2526 expertus
851 2442 915 2500 est
930 2427 1003 2500 Sed
1015 2427 1066 2500 ab
1080 2430 1213 2502 exteris
1221 2425 1298 2520 scrip

327 2543 476 2616 toribus
487 2545 616 2642 plures
627 2527 1069 2628 habebisraehitieorum
1081 2547 1293 2626 dissertiores,

329 2687 423 2760 quas
440 2663 579 2760 pariter
588 2663 636 2735 ad
652 2663 943 2762 Sepulcbretutn
952 2665 1294 2764 adjungas..Nanqut

329 2797 372 2854 ut
397 2805 523 2854 verses
549 2781 730 2854 duntaxat
754 2781 872 2864 libros
902 2807 935 2868 a,
951 2787 1119 2856 Caesarea
1142 2774 1299 2856 Acadenit

329 2899 474 2987 editos,
493 2914 535 2970 ut
553 2903 645 2971 Dec.
665 2903 736 2988 111,
759 2903 800 2972 A.
820 2921 845 2997 9
866 2899 941 2997 (a);
958 2903 1113 2974 Centur.
1137 2898 1260 2996 1110),
1275 2905 1298 2962 et

304 3021 454 3094 „Acton
478 3022 494 3086 Ι
518 3018 597 3116 (Δ)
626 3031 663 3089 et
688 3021 722 3088 V
746 3016 827 3116 (5)
857 3019 1070 3108 volumen,
1104 3043 1186 3090 non
1214 3033 1296 3088 unam

329 3139 509 3208 invenies.
534 3137 647 3227 Quod
675 3152 803 3210 tamen
825 3135 873 3208 ad
898 3137 992 3210 duas
1009 3137 1146 3210 attinet
1166 3135 1298 3214 nldmtsi

327 3255 436 3343 ride,
453 3281 546 3326 num
564 3257 740 3326 retractio
756 3309 765 3345 ,
785 3279 851 3328 seu
875 3253 1041 3328 defectus
1061 3253 1126 3330 ille
1146 3245 1300 3353 pulmonis

329 3437 1299 3474 maman-..wa
