2816 4668
290 456 363 548 47⁰
463 473 508 519 na
536 463 681 519 sanutus
707 467 751 517 nn
776 467 900 517 CAUsls
926 461 1137 518 ttonnonun

288 591 387 659 iuna
409 583 661 684 perieardium
681 583 858 654 viderunt
874 586 1097 656 Laurentius
1113 585 1191 682 (1),
1211 589 1305 655 Hac·

289 705 469 804 quinctus
485 701 573 800 (a),
592 701 791 772 Puerarius
807 699 896 798 (3),
912 703 1105 774 Lancisius
1118 701 1168 799 (lt
1179 701 1216 796 ),
1229 701 1301 771 alii

288 821 360 894 Sed
370 841 525 906 omueS,
543 820 573 890 si
591 816 802 890 secundnm
814 818 995 916 excipias,
1010 819 1125 914 cujus
1138 819 1301 889 maxime

251 1005 256 1012 .
284 942 438 1037 jejuna,
454 951 642 1036 quantum
660 933 901 1007 Bartholinus
927 936 1074 1024 retulit,
1092 951 1151 1008 est
1173 935 1302 1008 obser·

198 1143 200 1149 ¹
287 1061 410 1146 vati03
440 1079 526 1128 cum
557 1051 638 1126 aliis
664 1055 704 1124 in
732 1053 867 1126 vicinia
886 1051 1029 1130 morbis
1053 1055 1300 1150 conjunctam

286 1179 532 1260 invenerunt,
549 1173 693 1270 primus
713 1193 799 1243 cum
816 1180 927 1244 aurtoe
944 1183 981 1243 et
997 1172 1299 1243 ventriculorum
1391 1217 1392 1262 t

288 1294 413 1365 cordis
426 1291 663 1374 dilatatione,
679 1303 840 1387 quartus
857 1312 944 1360 cum
966 1299 1077 1361 anttoe
1095 1290 1299 1378 duntaxat,

289 1412 423 1483 tertius
436 1431 521 1481 cum
535 1407 782 1480 membraneo
799 1405 965 1504 quodam
981 1427 1204 1505 carneoque
1217 1423 1300 1480 cor-¹
1391 1437 1392 1506 t

265 1529 268 1534 ’
290 1547 404 1628 pore,
423 1527 529 1626 quod
547 1547 733 1600 venarum
746 1531 1009 1598 varicosarum
1023 1539 1108 1604 erut
1123 1523 1238 1598 velut
1252 1541 1299 1597 to·
1391 1513 1392 1608 3

288 1661 472 1734 mentum,
497 1643 615 1716 corde
636 1643 749 1742 paulo
768 1642 915 1732 minus,
931 1657 969 1715 et
985 1641 1100 1738 hujus
1118 1644 1298 1716 auriculis

288 1777 497 1850 annexum,
528 1762 673 1861 quode
693 1785 855 1860 corpore
880 1760 959 1832 haec
987 1760 1118 1831 ultima
1151 1763 1298 1859 aliaque

288 1883 391 1980 leges
409 1884 448 1953 in
465 1882 630 1954 sectione
645 1879 716 1950 hac
727 1867 965 1976 Sepulchreti
981 1875 1052 1974 (5),
1071 1878 1112 1946 in
1128 1903 1248 1976 quam
1258 1903 1297 1952 ea

287 1999 444 2072 historia
471 2020 561 2069 cum
595 1997 740 2094 aliquot
765 2021 811 2068 ex
838 1995 954 2066 modo
989 1994 1187 2084 indicatis,
1225 1995 1296 2067 cla-

289 2119 368 2190 rius
382 2117 575 2215 aliquanto
595 2113 709 2186 inlata
733 2127 812 2200 est,
834 2135 952 2210 quam
979 2113 1148 2186 Puerarii
1175 2114 1296 2187 verbis

290 2251 377 2307 sect.
403 2237 492 2306 VIII
512 2233 566 2331 (6)
588 2233 779 2330 'descripta
807 2219 942 2304 fuerat:
966 2235 1026 2303 Me
1047 2231 1151 2302 enim
1172 2233 1296 2303 minus

290 2353 343 2424 ibi
361 2353 509 2450 assequi
526 2373 656 2450 posse,
678 2349 815 2439 fateor,
830 2371 907 2449 qua
925 2351 1068 2421 ratione
1085 2349 1168 2422 h'aec
1191 2351 1296 2422 intel·

290 2469 403 2569 ligam
425 2471 597 2570 dt‘srupta
616 2491 715 2540 vena
737 2493 831 2542 αινα
853 2470 1030 2561 etefficsn
1051 2475 1295 2566 sanguinein

283 2589 540 2688 pericardium
551 2605 587 2659 et
593 2587 716 2659 contu
726 2587 901 2660 dextrum
918 2578 1171 2674 ventriculum,
1183 2611 1292 2686 quam

291 2709 332 2778 in
352 2707 615 2779 observatione
631 2707 844 2793 Laurentii,
862 2703 1052 2803 sanguinis
1066 2705 1293 2778 circumitio-

291 2847 380 2896 nem
407 2825 634 2924 ignorantis,
656 2824 706 2896 ob
732 2845 835 2894 venae
861 2843 960 2894 cavae
989 2828 1124 2894 ostium
1150 2823 1295 2922 dz'srup·

292 2959 387 3033 tam,
409 2967 607 3042 omnesque
622 2941 708 3013 illas
716 2939 991 3012 membranulas
1008 2941 1231 3040 tricuspides
1243 2941 1295 3011 la·

290 3078 454 3149 ceratas,
485 3060 662 3133 lethalem
692 3067 731 3130 in
758 3058 954 3132 dexterum
985 3081 1141 3156 quoque
1172 3058 1297 3130 cordis
1390 3149 1391 3166 χ

291 3183 412 3250 sinum
433 3181 654 3272 effusionem
671 3182 863 3274 sanguinis
873 3179 1025 3268 factam
1042 3197 1143 3248 esse:
1162 3199 1296 3275 quam,

332 3524 376 3609 (1)
393 3533 472 3588 ssiat.
485 3541 563 3588 anat.
575 3533 660 3588 hum.
677 3546 759 3606 corp.
774 3533 793 3586 l.
807 3543 843 3606 9,
858 3543 908 3604 qu.
928 3528 974 3586 ιθ.

345 3632 374 3710 a)
395 3634 471 3708 Eph.
483 3634 564 3689 tte.
578 3632 640 3689 dec.
656 3651 686 3702 1,
700 3633 737 3686 A.
753 3651 784 3702 1,
797 3631 862 3686 obs.
879 3648 944 3685 101.

344 3734 374 3810 3)
395 3733 444 3789 Ad
456 3735 575 3788 Burnet.
590 3733 665 3788 thes.
676 3731 752 3787 med.
766 3731 785 3786 l.
801 3729 834 3800 3,
846 3749 868 3785 s.
883 3727 920 3785 58
934 3729 966 3784 in
977 3727 1028 3784 lin.

361 3834 372 3910 )
394 3835 438 3890 De
450 3832 539 3888 subit.
553 3841 641 3890 mort.
655 3832 718 3887 obs.
731 3831 817 3906 phys.
832 3841 910 3885 anat.
925 3825 952 3885 5.

331 3631 342 3708 (

329 3733 341 3809 (
