2808 4664
145 451 213 497 mn.
241 451 280 495 11.
309 449 355 494 nn
381 445 873 510 nonsrsraonacrs,nr1sr.
900 450 997 498 xrrv.
1027 455 1096 526 279

100 561 185 633 dem
204 560 361 634 sustulit.
384 559 500 632 Nullae
520 583 686 655 unquam
703 557 851 632 lucrant
876 562 922 634 de
947 564 1099 636 thorace

97 703 207 776 quer<
217 678 278 764 lae,
288 677 390 748 nulla
404 674 602 749 difficultas
610 677 874 774 respirationis.
889 681 1020 754 Pulsus
1029 706 1099 754 nec

97 798 149 868 ita
168 792 401 892 frequentes,
421 817 491 868 neo
515 794 606 880 rari,
633 796 758 890 neque
790 795 1100 886 intermittentes,

96 937 222 1009 neque
235 911 314 988 ,ulla
327 935 494 1008 unquam
507 912 652 984 ratione
665 910 882 1008 inoequaleS,
894 913 933 984 in
948 939 993 984 eo
1008 916 1102 986 dun·

97 1045 199 1102 taxat
216 1041 478 1126 peccaverant,
506 1027 609 1124 quod
630 1043 753 1100 essent
781 1028 924 1100 debiles
952 1045 989 1102 et
1014 1055 1101 1129 per·

99 1149 223 1220 exiles.
241 1149 333 1237 Quae
357 1147 484 1216 omnia
505 1145 600 1218 mihi
614 1145 813 1243 diligenter
831 1147 1031 1219 sciscitanti
1048 1171 1103 1221 as-

99 1265 282 1338 severavit
298 1265 364 1360 qni
383 1288 469 1336 eum
486 1263 684 1362 sepissime
702 1265 897 1350 inviserat,
912 1265 1102 1354 medicus,

101 1407 190 1454 cum
219 1378 313 1452 forte
337 1383 377 1452 in
405 1380 598 1478 gymnasio
632 1381 795 1469 adesset,
821 1382 911 1454 dum
940 1382 1104 1456 bominis

99 1498 236 1570 thorax
249 1497 499 1585 incideretur,
530 1513 566 1569 et
586 1497 700 1593 hujus
721 1500 862 1572 viscera
882 1515 941 1570 me
960 1487 1103 1598 perlus-

97 1631 236 1702 trante,
248 1617 326 1714 ipse
344 1639 497 1712 quoque
510 1629 703 1712 spectaret.
723 1618 924 1688 Pulmones
936 1618 1104 1715 undiqne

100 1759 188 1804 cum
203 1733 335 1829 ,pleura
350 1730 606 1815 cohaerebant,
626 1730 698 1800 laxi
710 1785 719 1816 ,
730 1747 773 1808 ,et
790 1729 1007 1802 fetidissimi.
1032 1739 1106 1804 Cor
1191 1721 1197 1736 ’

100 1874 276 1947 quoque,
295 1863 331 1920 et
349 1851 430 1944 ejus
445 1847 634 1931 auriculae,
657 1847 825 1942 quamvis
845 1847 899 1916 hee
914 1848 1106 1946 aliquanto

103 1970 249 2053 minus,
267 1965 518 2063 pericardium
529 1963 696 2060 undique
711 1963 901 2034 habebant
916 1965 1105 2036 eduatum-

102 2091 217 2158 Aorta
235 2107 309 2180 qua
326 2080 534 2154 secundum
555 2080 717 2152 thoracis
741 2081 931 2152 vertebras
955 2082 1110 2154 descen-

104 2199 238 2285 debat,
257 2200 362 2272 intus
379 2222 512 2295 magna
534 2195 595 2268 hic
615 2198 690 2268 illic
709 2198 900 2292 cujusdam
919 2203 1026 2295 qnasi
1052 2202 1107 2270 in·

105 2316 280 2413 cipientis
305 2316 489 2388 erosionis
504 2315 666 2386 ostendit
689 2314 846 2402 indicia,
870 2318 1016 2386 minora
1044 2343 1109 2388 an-

104 2448 181 2504 tem
202 2431 267 2504 sed
284 2431 394 2530 plura
417 2429 550 2504 futurae
571 2429 839 2508 ossilication-is.
865 2432 971 2503 Nihil
982 2450 1107 2530 praete-

106 2573 170 2622 rea
188 2549 267 2620 vitii
280 2550 319 2618 in
334 2549 488 2624 thorace
502 2549 801 2623 animadversum
813 2564 877 2622 est.
898 2556 1034 2622 Caetera
1047 2577 1109 2622 an·

106 2682 182 2738 tem
205 2663 281 2737 fere
299 2668 446 2754 omnia,
471 2681 508 2738 et
528 2667 568 2738 in
587 2665 645 2738 his
663 2682 776 2765 caput
793 2692 871 2738 non
891 2683 964 2739 tam
985 2668 1035 2741 ob
1055 2668 1108 2740 le-

103 2798 227 2854 torem
242 2807 365 2855 secare
383 2783 637 2881 neglmimm,
654 2807 767 2881 quam
789 2783 840 2854 ob
857 2786 1036 2872 melioris,
1050 2788 1109 2856 in-

105 2915 210 2974 terea
227 2899 342 2985 allati,
360 2900 550 2972 cadaveris
568 2900 759 2974 incidendi
778 2903 1052 2987 necessitatem,
1070 2919 1112 2974 ut

108 3017 320 3116 publicam,
339 3018 414 3112 jam
433 3033 673 3116 protectam,
692 3032 898 3089 anatomen.
922 3043 967 3088 eo
986 3043 1116 3110 anno,

108 3135 177 3232 qui
197 3131 266 3204 luit
284 3159 389 3231 1727,
404 3134 599 3208 absolvere
615 3158 818 3232 possemus.
983 3221 985 3226 Ι

163 3277 217 3322 12.
242 3255 353 3322 Nunc
372 3253 543 3324 cranium
564 3252 817 3348 quoqueejus
833 3248 967 3322 vellem
990 3251 1115 3324 homi-

111 3369 172 3440 nis
190 3370 473 3466 introspexisse,
493 3371 523 3442 si
540 3367 636 3440 forte
657 3367 872 3467 proximum
890 3371 1052 3460 tumori,
1078 3387 1116 3442 et

109 3485 297 3558 abscessui
323 3485 549 3582 cerebellum
572 3485 714 3582 aliquid
740 3483 897 3556 baberet
930 3487 1042 3575 labis,
1073 3501 1117 3557 nt

27 3659 29 3666 .
112 3627 199 3674 cum
219 3604 263 3676 iis
286 3599 496 3674 conferrem
517 3628 599 3700 quae
619 3628 729 3701 supra
747 3600 800 3699 (1)
828 3603 874 3676 de
895 3605 975 3700 ejus
992 3605 1030 3675 in
1057 3629 1115 3674 as-

159 3969 203 4047 (1)
222 3972 261 4027 N·
281 3989 310 4041 7·
