2850 4668
302 437 345 509 16
462 459 509 535 ns
535 453 680 506 seorsus
706 451 1137 531 ar·caos1snonroaurt

296 574 348 646 ob
375 571 570 671 publicum
595 571 777 668 gymnasii
794 571 989 670 negotium
1011 595 1113 642 eram
1143 593 1305 672 occupa·

293 693 480 778 tissimus,
514 713 623 758 mane
656 703 781 758 tamen
812 688 864 760 sic
890 689 1115 761 intransitu
1146 691 1306 764 invisere

296 810 460 881 amicum
480 807 594 876 volui.
613 809 709 876 Ecce
720 818 844 876 autem
857 804 970 904 longe
986 806 1101 878 alium
1112 829 1156 882 ac
1166 806 1307 882 nudius

296 929 449 1014 tertius,
469 925 632 994 invenio.
651 925 777 994 Facies
794 922 970 1005 decolor,
985 915 1165 1014 demissa,
1180 927 1307 998 conci-

296 1044 411 1131 dens3
432 1042 628 1140 respiratio
650 1037 833 1129 difficilis3
863 1064 936 1112 vox
954 1037 1130 1130 humilis,
1163 1057 1200 1115 et
1224 1043 1306 1114 lan-

296 1160 424 1259 guida,
437 1175 473 1232 et
491 1173 669 1256 tanquam
689 1184 733 1229 ex
748 1154 941 1256 profundo
956 1158 1112 1247 educta;
1131 1175 1305 1259 expecto·

295 1295 375 1351 rata
398 1279 552 1349 materia
574 1277 731 1347 omnino
757 1299 968 1374 perpauca,
993 1276 1252 1368 crudiuscula,
1269 1294 1307 1352 et

295 1398 476 1496 permisto
497 1395 561 1464 hic
577 1395 654 1465 illic
673 1395 855 1492 sanguine
876 1394 1037 1466 obsoleti
1057 1396 1217 1484 coloris,
1248 1399 1307 1468 in-

296 1513 400 1586 fecta.
422 1512 608 1584 Percussit
620 1511 721 1582 illico
739 1513 907 1583 animum
928 1527 1028 1584 tanta
1044 1515 1223 1604 mutatio,
1243 1539 1304 1588 eo·
1358 1523 1363 1532 '

295 1657 371 1730 que
386 1631 519 1728 magis,
538 1654 625 1700 cum
644 1628 738 1699 mihi
756 1645 797 1701 ut
810 1655 849 1701 se
866 1629 1040 1716 haberet,
1057 1617 1307 1728 quter·enti,et

296 1751 427 1820 curiis
453 1747 577 1836 horis,
606 1763 713 1820 erant
741 1749 841 1820 enim
863 1745 945 1818 duae
974 1762 1059 1820 ante
1086 1748 1307 1841 meridiem,

293 1881 494 1964 tempestas
510 1880 635 1938 autem
655 1863 876 1963 perfrigida,
894 1864 946 1936 sic
963 1866 1002 1935 in
1016 1865 1112 1938 tecto
1130 1866 1304 1939 sederet?

297 1985 431 2058 eodem
449 2008 487 2056 se
503 1983 640 2072 modo,
658 1985 719 2056 vel
734 1985 845 2054 etiam
859 1985 1035 2067 meliore,
1053 2008 1165 2081 qnam
1185 1984 1305 2058 biduo

295 2117 382 2174 ante
400 2101 586 2188 videram,
605 2099 745 2172 habere
763 2099 969 2198 respondit.
990 2104 1084 2171 Tum
1099 2126 1189 2200 ego:
1209 2127 1305 2174 num

297 2243 448 2292 sensum
469 2219 633 2315 aliquem
652 2216 852 2316 ponderis,
873 2243 966 2288 num
980 2218 1150 2290 dolorem
1171 2245 1307 2320 quem·

297 2345 418 2442 piam,
448 2365 540 2412 num
559 2340 723 2410 calorem
750 2337 846 2411 forte
873 2342 1036 2439 percipis
1061 2343 1102 2412 in
1122 2343 1307 2418 thorace?

295 2462 442 2532 Diserte
461 2459 621 2555 negavit.
649 2461 730 2528 Hoc
751 2472 900 2527 tantum
914 2457 1079 2548 addidit,
1098 2484 1137 2532 se
1157 2463 1196 2532 in
1217 2461 1306 2536 iaevt

296 2580 460 2678 pectoris
473 2577 608 2648 extima
626 2590 731 2673 parte
744 2601 826 2646 eam
846 2602 867 2646 a
885 2577 976 2649 tussi
992 2577 1201 2652 molestiam
1222 2605 1306 2653 sen·

296 2697 389 2784 tire,
417 2718 529 2792 quam
555 2715 688 2765 omues
715 2693 856 2781 solent,
883 2712 1007 2792 eoque
1033 2711 1306 2770 contemnere:

296 2813 402 2910 quod
420 2836 511 2882 vero
530 2811 609 2898 siti,
631 2825 674 2882 ut
688 2834 784 2907 saepe
809 2813 920 2882 etiam
945 2809 1079 2884 diebus
1097 2817 1305 2911 superiori·

294 2929 386 3020 bus,
403 2943 624 3016 vexaretur,
643 2953 691 2998 ne
710 2941 911 3026 propterea
931 2930 1095 3002 calorem
1115 2935 1235 3004 udum
1251 2936 1306 3006 in·

291 3064 444 3120 ternum
465 3047 513 3120 ab
533 3071 571 3119 se
584 3047 731 3146 'percipi
756 3049 984 3145 suspicarer3
1011 3072 1086 3120 suae
1101 3051 1203 3122 enim
1224 3051 1307 3126 sitis

294 3165 421 3237 sedem
440 3162 535 3236 adeo
554 3163 594 3234 in
616 3162 823 3235 visceribus
840 3189 920 3234 non
939 3185 1041 3251 esse,
1060 3180 1103 3237 ut
1115 3167 1305 3265 quidquid

293 3285 576 3382 aqueieoactus
599 3279 769 3368 biberet,
794 3285 820 3351 a'
839 3281 1049 3354 ventriculo
1074 3285 1201 3383 respui
1219 3285 1304 3360 'sen-

290 3403 400 3492 tiret:
417 3399 607 3472 esseiilam
620 3399 746 3471 sedem
764 3424 842 3470 non
854 3394 1104 3488 infrafauces3
1122 3401 1190 3474 has
1201 3407 1305 3476 enim

291 3518 433 3591 viscida
449 3517 622 3590 obsidere
641 3518 815 3602 materia,
841 3542 913 3613 qua
935 3517 1047 3589 etiam
1065 3543 1199 3591 eorum
1220 3547 1304 3620 quae

291 3652 476 3722 sumeret,
494 3636 564 3708 sibi
584 3649 715 3733 gustus
727 3634 1019 3724 obtunderetur3
1038 3637 1117 3708 vini
1135 3639 1305 3739 quoque,

290 3742 397 3850 cujus
417 3754 681 3852 pauxillulum,
703 3768 744 3822 ut
769 3754 808 3821 in
828 3752 965 3824 morbo
984 3779 1005 3824 a
1028 3755 1128 3826 lenta
1147 3760 1304 3832 materia

290 3871 406 3961 facte,
423 3897 460 3945 se
480 3871 619 3969 pridie,
638 3869 781 3954 aiebat,
807 3869 983 3944 hausisse.
1006 3875 1081 3946 Etsi
1102 3898 1234 3965 mens,
1259 3891 1304 3953 ut

287 3997 337 4064 'ex
353 3980 593 4065 sermonibus
615 3987 719 4062 hisce
735 3989 933 4089 intelligis,
955 4013 1058 4090 quos
1075 4017 1155 4065 non
1178 3997 1303 4071 conti·
