2820 4668
148 499 216 550 ms.
244 495 283 548 rr.
312 495 359 547 nr
385 489 1005 575 aronamraonsc1s,anrsr.va11.
1035 470 1108 545 533

99 637 182 688 esse
198 637 268 713 pro
284 614 399 686 osseis
413 624 610 707 acceptas3
628 607 693 680 sed
707 623 749 678 ut
768 623 872 680 certo
889 611 1001 702 scias,
1016 635 1110 708 quas
1186 636 1190 645 ·

106 757 230 806 osseas
246 755 365 818 voco,
389 742 528 800 attente
549 725 820 815 consideratas,
844 751 976 825 reapse
996 722 1113 800 osseis

102 866 209 922 tanto
220 847 518 922 similioresvisas
532 869 622 932 esse,
635 859 777 941 quanto
793 845 962 943 lapideis,
981 845 1113 945 topha-

100 969 195 1050 ceis,
214 967 383 1066 gypseis,
402 963 597 1036 calculosis
612 961 879 1034 dissimiliores.
899 967 979 1033 Hoc
995 964 1115 1060 igitur

100 1085 196 1157 mihi
213 1086 298 1156 satis
316 1099 380 1155 est.
409 1085 541 1178 Neque
559 1081 660 1150 enim
691 1105 863 1177 unquam
881 1081 921 1152 in
940 1096 1108 1153 mentem

100 1204 224 1290 venit,
250 1225 335 1273 cum
363 1199 409 1272 de
435 1197 495 1270 his
519 1196 707 1268 morbosis
732 1195 914 1294 loquerer
940 1197 1109 1285 ossibus,

98 1320 192 1418 ipsis
210 1343 364 1418 quoque
381 1315 553 1389 eamdem
572 1341 686 1412 quam
705 1315 961 1404 naturalibus,
983 1315 1111 1387 datam·

102 1461 182 1510 esse
208 1438 417 1536 elegantem
438 1449 685 1523 structuram,
704 1448 769 1505 aut
788 1437 1019 1530 periosteum
1046 1459 1110 1531 pa-

101 1555 218 1641 riter,
234 1569 298 1624 aut
318 1549 530 1647 sanguifera
546 1550 720 1636 vascula,
741 1563 804 1618 aut
821 1549 948 1620 oleum
963 1549 1112 1622 medul-

103 1672 205 1742 lare:
223 1691 443 1766 quanquam
461 1668 599 1755 miror,
617 1667 683 1762 qui
696 1668 959 1738 concretiones
973 1666 1112 1764 quibus

105 1786 188 1858 haec
218 1785 364 1870 desint,
389 1808 468 1854 non
495 1807 639 1871 osseas,
666 1784 732 1855 sed
755 1775 908 1856 terreas
925 1783 1116 1856 vocandas

107 1928 188 1978 esse
219 1901 479 1989 contendunt,
501 1925 636 1972 eorum
658 1902 750 1974 alios
776 1902 939 2000 laryngis
968 1901 1115 1972 cartila-

109 2024 213 2121 gines
223 2075 234 2106 ,
245 2023 285 2090 in
296 2017 435 2117 quibus
450 2017 501 2090 ob
510 2033 654 2090 aetatem
668 2015 771 2090 haud
781 2043 871 2090 raro·
881 2021 997 2092 osseis
1009 2016 1117 2091 factis
1152 2030 1163 2036 “

82 2139 204 2226 1ηἰίιίἰ
241 2137 379 2208 horum
409 2134 538 2208 deesse
565 2134 643 2206 vidi
676 2135 754 2233 (1)
773 2190 783 2224 ,
827 2137 926 2207 inter
959 2136 1115 2208 lithiasis

110 2255 280 2354 exempla
305 2251 469 2338 relerre;
494 2251 599 2350 quod
624 2277 692 2323 cur
714 2250 874 2343 faciant,
897 2253 1001 2326 haud
1026 2255 1113 2326 satis

110 2376 208 2460 scio,
228 2396 313 2444 cum
327 2370 519 2442 induratas
536 2385 574 2442 et
590 2371 785 2470 meninges
800 2427 810 2460 ,
825 2387 862 2444 et
875 2372 1114 2470 cartilagines·

111 2489 340 2589 praesertim,
366 2487 514 2560 ossibus
541 2489 639 2560 veris
664 2491 825 2561 maxime
851 2469 931 2562 esse
955 2487 1113 2581 affines,

110 2608 211 2680 ultro
228 2604 521 2677 affirmaverint:
541 2605 632 2676 alias
647 2621 772 2678 autem
795 2607 920 2679 nullas
942 2609 1114 2706 excipere

110 2725 344 2822 cartilagines
360 2737 570 2821 praetereas
586 2747 670 2820 quae
682 2740 883 2822 antequam
904 2725 1115 2823 perfectum

45 2867 48 2884 ’
112 2857 206 2916 esset
224 2863 385 2940 corpus,
408 2841 486 2936 jam
506 2837 610 2911 factae
630 2856 736 2913 erant
753 2865 876 2914 osseae.
902 2844 949 2912 Hi
972 2843 1044 2941 ipsi
1068 2867 1117 2913 ne

111 2961 331 3058 meningum
354 2956 508 3055 quidem
525 2959 789 3028 concretiones
803 2959 1018 3054 excipiunt:
1038 2961 1117 3030 imo

116 3077 254 3150 diserte
266 3099 348 3173 quae
365 3076 406 3144 in
422 3071 622 3144 faleiformi
642 3097 823 3172 processu
844 3072 966 3164 fiunt,
982 3091 1122 3148 terreas

116 3217 197 3266 esse
219 3191 487 3290 pronunciant.
502 3193 579 3262 Nec
599 3214 690 3261 vero
708 3193 1021 3288 praestantissimis
1033 3193 1123 3266 viris

9 3371 10 3380 ,
116 3307 288 3396 inficior,
303 3307 394 3378 tales
410 3307 458 3379 ab
478 3307 568 3406 ipsis
580 3331 659 3379 esse
678 3306 952 3406 deprehensas,
967 3323 1004 3380 et
1018 3309 1124 3407 quod

119 3427 328 3526 generatim
345 3423 553 3521 objiciunt,
573 3424 669 3496 nihil
688 3424 852 3498 ordinati
869 3427 1124 3516 ostendentes,

120 3569 169 3615 ne
186 3542 302 3616 libras
321 3539 494 3639 quidem,
515 3543 574 3614 vel
594 3544 624 3613 si
638 3544 889 3642 microscopio
909 3546 1034 3616 utaris.
1056 3542 1128 3614 Sed

56 3675 66 3698 '
121 3685 248 3760 neque
265 3675 307 3732 tu
325 3655 483 3730 inficiari
498 3660 659 3757 poteris,
675 3685 762 3733 cum
782 3663 901 3760 majus
917 3661 1014 3732 illud
1027 3685 1093 3751 os,
1107 3686 1130 3732 a

163 4039 209 4119 (ι)
227 4039 305 4099 Vide
317 4057 353 4096 ex
364 4047 451 4114 parte
460 4037 586 4097 Advers.
600 4040 630 4112 1,
642 4057 674 4096 n.
686 4039 736 4098 ass
