2808 4664
269 400 339 472 236
430 422 476 468 ua
502 419 647 468 sruruus
672 420 715 466 ur
741 417 865 466 causis
889 416 1098 467 uonnoruu

266 535 403 608 Sebast.
424 531 718 631 Albrecbtil(1),
740 530 969 604 dubitaveris
992 547 1122 604 utrum
1147 533 1274 606 cordis

264 677 344 726 nota
370 652 449 724 siue
476 650 607 722 dolore
627 641 929 746 palpitationem,
961 663 999 721 et
1031 650 1272 746 periodicum

264 769 409 843 asthma
428 767 616 864 corruptis
640 765 905 865 pulmonibus,
922 765 1062 838 adnato
1082 769 1274 865 posterius

265 887 312 958 ad
331 887 489 984 primam
502 883 724 956 divisionem
734 883 876 956 arteriae
891 907 1030 981 asperae
1045 908 1124 954 non
1136 885 1274 983 exiguo

264 1003 426 1089 tumori,
457 1000 581 1074 cordis
603 1000 855 1098 magnitudini
884 999 1003 1098 duplo
1031 1002 1186 1096 majori,
1216 1003 1276 1074 cui

265 1144 353 1192 vasa
368 1118 521 1217 quidem
538 1119 665 1191 omnia
681 1143 726 1188 ex
741 1141 786 1191 eo
805 1116 1058 1214 prodeuntia,
1070 1129 1137 1188 aut
1149 1119 1275 1215 ipsum

267 1236 514 1323 adeuntia,·et
531 1235 661 1307 dexter
675 1234 923 1322 ventriculus,
942 1231 1009 1307 sed
1028 1259 1156 1331 neque
1176 1237 1277 1307 sinis·

267 1371 342 1444 ter,
355 1379 478 1452 neque
488 1355 663 1428 auriculae
674 1353 977 1452 respondebant,
992 1370 1121 1426 utrum
1137 1355 1278 1443 his‚in=

268 1497 398 1569 quam,
425 1469 617 1559 omnibus,
636 1495 683 1542 an
707 1471 835 1569 potius
862 1473 931 1542 uni
958 1469 1162 1568 pericardii
1190 1495 1279 1543 con-

166 1686 168 1690 ·
268 1590 497 1687 nexioniper
510 1587 708 1660 validiores
719 1585 1053 1686 brevesquelibras
1066 1613 1153 1660 cum
1167 1589 1281 1687 plana

258 1707 394 1780 'cordis
410 1704 502 1778 facie
522 1731 567 1778 cx
585 1706 727 1801 majori
740 1705 853 1801 hujus
871 1721 998 1802 parte,
1020 1720 1057 1778 et
1073 1704 1119 1776 ad
1130 1707 1278 1804 apicem

269 1849 391 1922 usque
407 1825 549 1922 ipsum,
567 1822 760 1896 tribueres.
778 1822 852 1895 Cel.
866 1847 1022 1920 quoque
1034 1822 1212 1896 Hallerus
1228 1824 1280 1922 (a)

273 1941 520 2016 cohaesionem
538 1965 614 2011 non
628 1946 808 2036 integram
822 1939 925 2027 vidit,
945 1963 1030 2035 quoe
1036 1942 1147 2028 freni
1164 1945 1283 2012 instar

270 2061 466 2132 coercebat
490 2073 695 2128 extremum
717 2056 842 2128 cordis
874 2079 1110 2144 mucronem,-
1124 2113 1125 2118 η
1141 2056 1208 2130 sed
1235 2057 1281 2128 de

273 2176 412 2274 quibus
427 2176 543 2245 homo
558 2188 797 2271 quereretur,
810 2197 889 2244 nou
903 2172 1057 2244 addidit.
1073 2177 1118 2244 In
1133 2173 1209 2246 alio
1220 2199 1281 2247 au·

270 2307 348 2369 tem
364 2316 477 2389 quem
495 2290 727 2362 haereditaria
742 2289 935 2388 palpitatio
954 2306 1174 2379 vexaverat,
1197 2317 1282 2390 pas·

271 2407 342 2481 sim
360 2407 514 2506 quidem
530 2407 781 2504 pericardium
796 2407 992 2504 conspexit
1006 2405 1187 2479 adnatum
1199 2391 1283 2480 cor-

273 2524 331 2613 di,
349 2522 413 2596 sed
425 2549 494 2622 per
506 2522 691 2613 skirrhos,
703 2539 739 2596 et
751 2515 808 2596 tot
824 2538 1001 2622 praeterea
1013 2578 1023 2610 ,
1033 2539 1188 2622 tamque
1202 2549 1283 2624 gra·

272 2641 332 2710 via
353 2640 393 2712 in
418 2641 483 2711 illo
503 2640 637 2714 eodem
660 2639 775 2714 corde
794 2641 1075 2730 animadvertit,
1100 2642 1283 2740 quemad-

188 2781 201 2789 “’
272 2756 430 2843 modum
447 2781 560 2856 supra
576 2759 631 2856 (3)
651 2758 794 2830 dictum
812 2773 885 2847 est,
904 2774 946 2830 ut
962 2761 1028 2830 cui
1044 2760 1283 2857 potissimum

275 2875 559 2974 palpitationem
569 2875 777 2966 adscribas,
793 2877 948 2948 minime
963 2877 1072 2948 liceat
1083 2877 1281 2973 conjicere.

274 2995 319 3062 Iu
342 2991 493 3064 duobus
513 2993 653 3090 pariter
677 2993 1005 3090 praestantissimus
1035 2993 1198 3064 Kaavius
1220 3017 1284 3064 cor

274 3121 311 3178 et
330 3108 580 3204 pericardium
596 3133 766 3180 connexa
785 3110 1001 3196 invenit,in
1021 3108 1138 3179 altero
1155 3131 1226 3206 per
1241 3106 1283 3178 fi-

274 3222 438 3295 lamenta
455 3251 621 3323 quorum
634 3225 850 3324 longissima
869 3241 1063 3298 extensum
1084 3225 1283 3322 aequabant

274 3339 449 3437 digitum,
465 3342 505 3450 in
521 3341 639 3414 altero
652 3343 806 3432 arctius,
822 3343 1025 3440 praesertim
1037 3367 1111 3441 qua
1123 3367 1192 3412 cor
1205 3343 1283 3414 dia-

274 3453 486 3554 phragmati
499 3457 762 3547 incumbebat,
779 3458 845 3532 sed
859 3459 1031 3530 neutrius
1043 3459 1112 3556 qui
1129 3457 1284 3529 morbus

313 3739 358 3816 (ι)
379 3742 444 3796 Act.
460 3742 496 3795 N.
513 3741 545 3796 C.
561 3751 632 3797 tom.
648 3739 680 3812 5,
694 3741 758 3797 obs.
773 3757 822 3796 ar.

315 3835 359 3914 (a)
379 3839 427 3894 Ad
438 3841 566 3913 praeleet.
581 3837 687 3900 Boerb.
703 3841 719 3912 S
734 3840 805 3915 182,
820 3851 883 3898 not.
900 3857 938 3896 m.

316 3934 360 4015 (3)
381 3940 419 3994 N.
443 3957 490 3996 ra.
