2850 4668
239 458 308 506 LIB·
336 458 378 504 11.
406 454 452 504 DE
479 453 614 504 MORBIS
640 451 839 518 ΤΗΟΕΑΟΙΕ,
864 454 976 503 ΕΡΙΒΤ.
997 458 1071 504 xxt.
1149 459 1172 533 7
1280 499 1284 504 .

164 571 337 670 undiquc
348 593 437 642 cum
448 569 579 668 pleura
596 566 833 639 coaluissent.
845 571 968 641 Cursu
977 571 1078 642 euim
1087 593 1174 643 sau-

165 690 288 789 guinis
304 713 374 787 per
394 688 464 759 hos
486 682 662 758 acrebris
677 681 1038 759 inflammationibus
1058 703 1173 760 retar-

164 807 317 896 dato,et
333 832 377 878 ex
396 819 502 904 parte
515 801 719 902 impedito,
732 827 819 877 vasa
838 815 875 874 et
884 801 1086 902 pulmones
1101 800 1174 904 ipsi

164 923 428 998 distendantur
439 945 591 994 necesse
606 935 678 1008 est,
693 945 817 1018 eoque
829 919 891 992 illa
909 920 1173 995 arctiusbron-

164 1041 277 1131 chiis,
297 1041 338 1111 hi
352 1040 491 1140 pleurae
511 1063 552 1112 se
562 1037 774 1137 appliceut3
792 1063 876 1136 quae
899 1053 1066 1112 autema
1089 1064 1174 1114 san-

164 1161 278 1258 guine
289 1175 381 1230 tunc
395 1158 527 1258 saepius
540 1181 659 1256 perse
670 1155 953 1246 viscido,mora
964 1173 1089 1230 autem
1102 1161 1175 1232 vis·
1203 1165 1206 1171 ’

163 1277 305 1350 cidiore
316 1274 429 1364 factu,
439 1275 704 1374 exprimuntur
712 1275 920 1373 particulae,
928 1275 1082 1376 glutinis
1095 1278 1173 1350 ins·

161 1410 220 1467 tar
236 1410 361 1496 partes
381 1418 468 1466 cum
486 1391 657 1492 partibus
682 1408 922 1467 conuectant.
944 1399 1022 1468 Cur
1044 1410 1173 1468 autem

161 1512 246 1610 plus
258 1513 451 1601 humoris,
463 1513 656 1610 magisque
671 1512 803 1602 crassi,
817 1527 910 1586 tunc
924 1513 1173 1613 exprimatur,

160 1646 279 1729 utque
292 1646 428 1729 praeter
438 1629 640 1729 pulmones
650 1629 728 1702 aliae
740 1629 852 1703 simul
871 1646 1017 1730 partes,
1032 1631 1073 1702 in
1085 1655 1173 1703 ven·

159 1763 218 1820 tre
228 1750 357 1839 etiam,
375 1773 470 1849 saepe
484 1747 783 1820 inflammatione
797 1751 1072 1850 corripiantur,
1085 1747 1174 1821 alia-

160 1891 235 1964 que
255 1864 488 1963 ejuscemodi
506 1889 595 1936 cum
616 1867 703 1938 satis
720 1863 861 1938 fuerint
877 1867 1059 1964 proximis
1079 1867 1174 1939 litte-

158 1985 212 2056 ris
229 1982 286 2081 (1)
304 1982 507 2081 explicata:
526 1981 606 2050 noli
626 1995 845 2079 expectare,
864 1996 906 2052 ut
923 1982 982 2053 his
1005 1983 1172 2071 iterum,
1270 2056 1285 2064 .„

161 2125 246 2197 quae
255 2123 366 2172 causa
378 2098 561 2170 nimirum
570 2095 714 2186 fiut,ut
726 2095 875 2170 duabus
883 2097 1069 2188 historiis,
1085 2113 1172 2172 ante

159 2215 260 2288 hanc
275 2216 500 2316 propositis,
530 2213 673 2286 nullam
699 2213 984 2286 adnotationem
1011 2215 1171 2312 subjice·

157 2358 250 2406 rem.
269 2332 382 2426 Quod
398 2351 490 2405 vero
507 2331 547 2402 in
570 2329 694 2404 tribus
719 2329 823 2404 hisce
840 2329 1171 2405 (absentationibus

160 2452 265 2550 signa
281 2477 361 2524 non
377 2448 574 2527 retulerint
593 2431 780 2548 sigillatim
797 2473 881 2545 quae
900 2450 1171 2548 peripneumo-

158 2569 260 2640 niam
272 2569 448 2641 comitata
458 2561 629 2656 fueraut,
646 2590 726 2637 non
739 2589 822 2638 mea
838 2567 877 2636 in
893 2566 1172 2664 perquirendo,

159 2701 222 2758 aut
237 2682 490 2758 describendo
506 2680 813 2782 incuriafaotum
831 2698 906 2774 est,
927 2683 993 2757 sed
1011 2709 1169 2777 eorum,

159 2819 202 2876 ut
221 2803 317 2892 dixi,
336 2805 402 2902 qui
417 2822 536 2900 agros
549 2800 743 2874 viderant:
764 2827 984 2900 quanquam
1000 2820 1091 2876 sunt
1108 2791 1170 2878 in-

159 2921 310 2994 terdum
326 2945 442 2992 causae
461 2933 619 3019 propter
635 2943 728 3017 quas
745 2945 793 2992 ue
811 2919 883 2991 illis
902 2919 1060 3018 quidem
1079 2922 1170 3019 ipsis

160 3040 227 3138 qui
245 3062 363 3136 aegros
383 3035 533 3126 vident,
551 3036 731 3136 pleraque
742 3089 753 3124 ,
777 3052 842 3108 aut
870 3052 978 3110 certae
999 3037 1170 3136 quaedam

161 3158 265 3255 sigua
280 3157 494 3256 perspicere
507 3156 595 3228 satis
612 3155 730 3226 liceat.
751 3159 861 3226 Juvat
877 3154 939 3226 hic
958 3156 1169 3228 secundum

161 3273 345 3372 singulas,
358 3297 450 3370 quas
462 3269 649 3372 proferam
662 3326 672 3360 ‚
688 3271 872 3368 ejusmodi
883 3297 1011 3346 causas
1022 3328 1032 3362 ,
1043 3276 1169 3374 singu·

161 3387 213 3461 las
222 3388 396 3462 historias
404 3388 632 3488 producere,
643 3388 751 3460 initio
764 3403 874 3488 capto
885 3387 933 3460 ab
943 3387 1172 3462 dissectione

162 3530 275 3604 quam
296 3531 364 3604 per
378 3505 463 3616 illos
479 3505 632 3580 eosdem
655 3505 734 3578 dies
760 3505 900 3602 quibus
919 3508 1080 3605 primam
1096 3505 1170 3604 (a),

161 3623 200 3694 in
216 3614 422 3722 eademque
440 3625 689 3724 occupatione
706 3623 884 3694 Bononiae
901 3624 1057 3696 institui.

201 3907 245 3986 (π)
265 3910 304 3966 Ν.
321 3909 375 3979 34,
393 3907 451 3980 37,
467 3913 515 3974 44.

203 4007 247 4086 (a)
268 4011 308 4067 N.
321 4027 348 4064 a.
