2808 4664
182 495 252 543 ΗΒ.
279 495 319 542 11.
347 495 393 542 DII
419 492 554 540 nonuls
579 491 771 557 monneto,
797 494 908 542 nrtst'.
928 497 1033 542 xxm.
1065 497 1131 571 197

133 633 254 708 quore
271 608 336 680 illo
351 609 520 691 oleaeeo,
545 633 623 705 quo
640 608 831 682 Lancisius
853 609 920 704 (ι)
944 607 1071 680 laevem
1090 635 1136 681 ac
1234 679 1238 686 ,

131 726 317 799 lubricam
333 728 471 798 servari
484 727 654 796 intimam
670 726 889 796 arteriarum
908 722 1040 796 facicm
1052 751 1135 798 cen-

135 845 227 930 suit,
251 867 388 942 asperae
412 843 615 940 alienaeque
635 840 825 940 particulae
848 843 888 912 in
909 857 1020 913 aortoe
1041 827 1135 914 inte-

134 961 274 1035 riorem
293 959 537 1032 substantiam
554 983 592 1030 se
616 959 871 1046 insinuarunt,
894 973 930 1030 et
954 959 1052 1030 eirca
1075 961 1134 1030 in·

133 1079 264 1148 timam
280 1078 445 1151 tunicam
462 1074 724 1164 substiterunt3
739 1100 817 1145 non
829 1076 898 1146 crit
916 1073 1134 1166 obscurum,

136 1193 331 1292 quomodo
359 1194 509 1292 genitae,
533 1215 603 1264 nec
628 1192 822 1289 quomodo
839 1216 918 1263 eam
948 1181 1061 1289 ¹quam
1081 1192 1136 1264 ibi

136 1308 550 1410 conspeximus‚afferre
559 1311 804 1383 mutationem
816 1310 1135 1407 potuerintQuod

137 1431 168 1500 si
182 1430 293 1500 etiam
304 1433 458 1526 quaeris,
470 1429 585 1499 curin
598 1427 663 1497 illo
679 1429 913 1526 potissimum
928 1441 1137 1498 aortaetrac·

135 1561 199 1634 tu,
228 1561 264 1618 et
286 1548 523 1645 superiorum
552 1547 632 1641 ejus
661 1571 852 1617 ramorum
882 1543 1135 1634 substiterint;

137 1664 209 1734 nisi
231 1663 333 1734 hunc
354 1661 452 1736 sorte
471 1689 491 1734 a
514 1661 731 1760 primordiis
756 1661 868 1732 fuisse
888 1659 1136 1733 infirmiorem

138 1782 354 1878 suspiceris3
371 1805 414 1851 ex
430 1781 473 1851 iis
489 1781 577 1876 ipsis
590 1803 687 1875 quos
697 1778 1007 1863 memoravimus,
1021 1778 1137 1846 animi

138 1895 335 1970 affectibus
364 1897 548 1966 rationem
577 1895 703 1964 duces.
727 1894 841 1963 Nervi
865 1893 965 1962 enim
993 1891 1043 1963 ob
1069 1892 1137 1964 hos

139 2015 336 2099 commoti,
356 2013 395 2082 in
410 2012 551 2106 majora
567 2011 800 2108 potissimum
816 2009 831 2106 (
850 2023 891 2080 ut
910 2034 952 2079 ea
971 2007 1138 2080 indicant

141 2157 226 2230 quae
246 2146 334 2201 tunc
350 2143 386 2200 et
400 2129 628 2216 sentiuntur,
647 2142 683 2199 et
699 2125 903 2225 apparent)
917 2127 956 2196 in
975 2125 1149 2221 majora,-

141 2251 315 2343 inquam,
341 2246 577 2344 potissimum
599 2259 715 2342 agunt
737 2267 842 2331 vasa,
861 2257 898 2314 et
923 2242 1028 2314 cordi
1048 2266 1136 2340 pro-

142 2364 267 2462 piora,
281 2378 323 2434 ut
337 2363 463 2433 mirari
476 2387 554 2434 non
564 2375 754 2459 oporteat,
774 2362 894 2457 siquo
909 2373 1029 2432 tractu
1040 2384 1137 2458 mag-

141 2505 190 2552 na
206 2482 339 2552 arteria
356 2479 476 2575 major
486 2493 558 2567 est,
576 2481 729 2577 ipsaque
742 2493 779 2549 et
795 2478 875 2573 ejus
885 2478 978 2568 rami
993 2477 1136 2548 acorde

141 2599 267 2670 minus
282 2597 408 2670 dissita
423 2612 527 2686 sunt,
550 2621 595 2668 eo
614 2599 654 2667 in
668 2611 790 2668 tractu
808 2597 996 2668 arteriosae
1014 2620 1136 2666 annu·

142 2715 238 2788 lares
258 2715 361 2788 fibrae
382 2716 422 2786 in
436 2715 754 2802 vehementiores,
780 2731 843 2786 aut
860 2713 1135 2799 diuturnioreS‚

144 2835 222 2906 sine
235 2849 335 2905 certa
355 2857 488 2904 norma
503 2847 539 2904 et
558 2832 638 2930 lege
658 2832 933 2903 contractiones
951 2845 1043 2902 tunc
1061 2829 1139 2900 adi·

145 2966 298 3049 gantur,
318 2953 445 3046 sicque
463 2975 508 3022 ex
520 2951 697 3037 vasculis,
715 2951 815 3020 inter
832 2971 891 3036 se,
909 2962 945 3018 et
968 2949 1139 3016 intimam

144 3069 309 3140 tunicam
325 3067 545 3163 interjectis,
563 3092 608 3140 co
630 3080 787 3164 urgeant
810 3089 887 3162 quo
909 3087 977 3160 per
1001 3087 1039 3134 se
1061 3087 1139 3132 non

145 3187 263 3272 irent,
282 3186 340 3258 vel
357 3185 573 3274 crassiores,
593 3186 624 3257 si
643 3209 726 3282 quae
749 3183 842 3269 sint,
858 3180 1141 3278 asperioresque

147 3304 364 3402 particulas,
375 3301 616 3400 horrendique
629 3301 682 3372 ibi
695 3299 929 3370 occasionem
940 3295 1142 3396 praebeant.

147 3421 237 3509 Quae
250 3421 429 3518 quoniam
444 3419 633 3518 particulae
647 3417 723 3488 huc
737 3415 825 3487 illuc
842 3405 997 3500 adactae,
1011 3430 1144 3510 prater

147 3537 252 3608 illam
269 3539 409 3612 intimae
435 3534 645 3635 superficiei
670 3538 939 3615 mutationem,
963 3531 1145 3604 erosioris

149 3677 302 3750 quoque
316 3677 488 3741 sensum,
506 3658 648 3751 quippe
673 3675 826 3748 asperae,
854 3661 1015 3744 possunt.
1035 3644 1146 3717 indu·

131 3795 260 3870 ucere3
285 3771 448 3868 proclive
470 3771 540 3840 erit
561 3769 767 3866 intelligere
795 3765 898 3836 unde
927 3775 1023 3832 esset
1050 3761 1147 3854 ejus·

155 3918 1152 3950 M

191 4031 235 4112 (ι)
256 4035 301 4092 De
312 4051 481 4112 aneurysm.
507 4034 527 4090 l.
540 4051 572 4106 α,
586 4053 611 4091 c.
628 4052 658 4104 1,
672 4051 794 4108 propos.
811 4030 839 4085 6.

1328 3808 1340 3868 i
