2850 4668
244 407 266 479 8
414 431 461 482 na
488 429 633 478 sautans
658 429 703 476 ar
727 427 852 477 causis
877 429 1087 478 nortorum

293 545 326 618 6.
348 548 539 632 Structor,
559 544 656 632 sive,
682 558 725 614 ut
749 541 861 642 vulgo
882 543 1123 644 appellitant,
1145 541 1253 616 faber

242 664 444 752 murarius,
459 686 644 733 annorum
661 662 809 734 circiter
824 663 993 759 triginta,
1011 688 1056 734 ex
1072 661 1252 756 laburein

241 779 385 856 febrem
401 780 545 851 incidit.
558 780 654 851 Huic
669 805 707 852 se
720 779 946 852 addiderunt
963 779 1147 879 periodici
1158 803 1254 878 quof
1330 842 1335 852 .

242 900 374 972 tidiani
401 900 565 996 rigores,
586 923 750 996 quorum
772 896 925 970 demum
949 914 1119 996 tempore
1142 897 1257 997 coepit

245 1016 416 1088 delirare.
433 1015 502 1088 Sed
518 1040 601 1086 cum
614 1014 809 1104 delirium,
826 995 932 1114 quod
945 1041 1033 1086 mox
1044 1015 1145 1086 finiri
1160 1040 1256 1113 quo·

242 1131 333 1205 tidie
354 1147 617 1221 consueverat,
636 1133 827 1206 assiduum
852 1131 1016 1230 denique
1041 1131 1180 1206 factum
1198 1156 1259 1206 es·

246 1266 321 1338 set,
333 1250 467 1323 exinde
478 1276 575 1349 ager
590 1252 630 1322 in
648 1251 755 1350 pejus
770 1252 835 1323 ire.
850 1255 935 1323 Erat
951 1249 1125 1322 delirium
1139 1252 1257 1339 triste,

246 1383 284 1442 et
305 1365 505 1465 querulum
523 1395 531 1438 τ
552 1368 685 1468 pulsus
701 1368 861 1466 aequales
873 1396 883 1438 ι
897 1369 1049 1468 sanguis
1068 1394 1087 1445 e
1102 1367 1259 1440 naribus

246 1512 528 1584 nonnunquam
542 1487 693 1586 prodiit.
714 1488 789 1559 Etsi
801 1512 933 1559 venam
955 1485 1085 1572 semel,
1101 1488 1258 1576 iterum,

246 1606 401 1678 tertium
422 1620 634 1694 secuerant,
648 1621 761 1702 atque
781 1604 850 1676 alia
868 1630 950 1703 quae
970 1631 991 1676 e
1007 1629 1048 1676 re
1067 1605 1155 1702 aegri
1176 1601 1259 1676 fore

251 1721 518 1812 credebantur,
542 1748 621 1794 non
647 1724 873 1812 omiserant;
900 1723 932 1794 is
962 1737 1088 1794 tamen
1120 1722 1262 1794 sensim

252 1839 403 1938 quidem
418 1839 504 1928 ,sed
518 1863 667 1939 semper
677 1841 715 1910 in
727 1838 996 1938 pejuslabens,
1010 1853 1184 1911 mortuus
1194 1853 1260 1912 est

252 1957 470 2046 Cadaveris,
493 1983 594 2030 nona
618 1983 639 2028 a
665 1972 787 2029 morte
807 1957 902 2029 hora
931 1957 1102 2044 dissecti,
1119 1959 1263 2054 viscera

254 2077 449 2148 etiamtum
467 2073 649 2146 fumantia
662 2074 849 2148 calebant:
862 2090 899 2146 et
911 2076 1061 2174 sanguis
1075 2099 1264 2157 exeorum

255 2193 383 2264 incisis
392 2193 497 2264 venis
509 2191 664 2280 fluidus,
679 2193 879 2290 calensque
891 2190 1030 2282 exibat;
1040 2193 1186 2266 tametsi
1198 2217 1264 2292 po·

256 2309 395 2408 lypusae
408 2312 670 2382 concretiones
680 2309 822 2382 eductae
833 2311 907 2381 sint
918 2326 1047 2409 postea
1056 2336 1136 2382 non
1147 2310 1264 2382 modo

259 2453 280 2500 e
301 2426 511 2499 cruralibus
528 2429 656 2516 venis,
687 2427 753 2500 sed
774 2429 884 2500 etiam
911 2453 931 2500 e
952 2428 1087 2519 corde,
1106 2428 1208 2500 unde
1224 2429 1264 2499 in

257 2545 498 2643 pulmonaria
519 2571 601 2619 vasa
619 2546 770 2617 alterius
785 2544 914 2618 saltem
933 2545 1059 2620 lateris
1078 2547 1267 2646 produce·

259 2662 410 2734 bantur.
423 2664 639 2752 Pulmones,
653 2664 683 2736 si
693 2665 920 2736 anteriorem
929 2666 1267 2764 partemexcipias,
1351 2745 1355 2752 ‚

261 2807 344 2879 quae
363 2781 486 2853 albida
505 2797 542 2854 et
564 2807 651 2854 sana
668 2798 763 2872 erat,
782 2779 859 2854 fere
876 2781 1021 2879 ubique
1033 2781 1267 2854 naturalibus

261 2899 435 2972 duriores
451 2897 626 2989 filerunt3
643 2925 664 2971 a
690 2900 828 2971 dextris
849 2915 991 2988 autem,
1011 2914 1047 2970 et
1070 2901 1268 2998 superiore

260 3019 465 3116 praesertim
492 3016 600 3105 lobo,
633 3018 845 3107 durissimi,
872 3018 1172 3116 gravissimique,
1197 3017 1268 3089 dis·

260 3138 374 3224 tenti,
393 3135 520 3224 rubri,
537 3162 582 3208 ex
596 3136 787 3236 densaque
798 3136 1004 3210 substantia
1013 3136 1208 3233 compacti.
1222 3139 1266 3204 In

258 3269 389 3324 ventre
405 3253 512 3351 splen
532 3279 699 3352 magnus.
833 3251 835 3255 ’

311 3395 343 3466 7.
364 3370 505 3441 Delirio
524 3373 823 3469 supervenientis
840 3369 1160 3470 peripneumonia
1185 3382 1268 3466 quae

260 3489 388 3584 signa,
416 3487 462 3558 ad
486 3487 627 3561 doloris
650 3491 854 3588 praesertim
874 3504 1047 3560 naturam
1065 3487 1267 3584 sedemque

255 3600 471 3693 attinentia,
491 3608 577 3678 satis
598 3631 715 3703 queas
737 3606 784 3678 ab
801 3631 900 3704 aegro
924 3605 1122 3704 accipere?
1145 3603 1266 3675 Facile

253 3736 380 3792 autem
397 3737 541 3819 potest,
553 3723 591 3794 id
606 3723 709 3822 quod
720 3723 895 3810 indicata,
906 3738 943 3796 et
955 3721 1139 3823 producta
1150 3722 1189 3791 in
1197 3723 1267 3792 VII

252 3841 348 3910 etin
374 3841 559 3938 superiori
579 3841 737 3938 epistola
766 3858 821 3915 tot
845 3857 1056 3913 monstrant
1072 3836 1265 3934 exempla,

251 3973 454 4056 utrumque
465 3957 539 4030 huc
554 3959 694 4031 malum
713 3961 892 4060 conjungi
905 3976 985 4034 tum
995 3959 1046 4033 ob
1057 3983 1109 4057 po
1117 3957 1266 4055 lyposas
