2800 4674
196 465 273 511 ure.
301 466 342 512 11.
371 466 416 514 ou
443 463 580 551 nepus
605 465 799 529 ruouscrs,
824 465 936 514 ur1sr.
964 469 1053 516 xxii.
1086 445 1149 529 181
1184 491 1186 500 ι

124 582 195 652 ῐίο
207 581 259 653 ad
277 579 435 677 aprilem
453 595 575 651 totum
594 603 682 652 usus
699 576 845 666 luisset3
869 579 926 652 lac
957 583 1155 680 caprinum

122 699 280 772 iterum
296 699 474 796 sumpsit,
491 697 679 796 simulque
692 696 848 772 balsami
860 700 1057 771 Peruviani
1076 714 1155 800 gut-

122 831 188 914 tas
208 815 262 892 ad
274 815 497 900 duodecim,
513 814 592 886 haec
607 829 732 902 autern
745 814 879 886 diebus
892 816 1042 889 circiter
1060 843 1151 922 qum

123 935 322 1033 draginta.
341 938 488 1009 Interea
510 933 605 1006 alter
630 935 867 1033 superiorum
895 949 1043 1020 artuum
1062 959 1150 1018 oau-

122 1053 252 1126 dente
271 1050 371 1124 lerro
391 1051 625 1145 exulceratus
650 1067 723 1140 est,
745 1053 929 1150 ulcusque
948 1069 1148 1129 servatum.

121 1175 182 1256 Ex
204 1170 270 1244 his
289 1168 547 1244 curationibus
566 1170 635 1242 etsi
660 1169 811 1267 aliquod
833 1170 1024 1245 interdum
1051 1173 1148 1252 leva-

122 1313 226 1362 men
257 1303 493 1387 perceperat3
511 1289 622 1368 tussis
639 1303 765 1361 tamen
794 1303 830 1360 et
848 1290 1012 1361 raucedo
1033 1293 1150 1390 pertis

119 1407 341 1490 nacissimae
360 1403 597 1505 affligebant:
616 1409 709 1506 quin
724 1407 787 1478 illa
805 1409 936 1480 saevior
949 1405 1042 1482 facta
1055 1427 1147 1512 erat,

89 1619 92 1627 s
120 1541 163 1613 et
191 1551 242 1596 ex
260 1527 336 1598 imo
354 1543 472 1622 usq'ue
498 1525 653 1601 thorace
675 1526 767 1599 oriri
792 1525 1014 1600 videbatur:
1036 1545 1146 1628 sputa

117 1659 258 1726 autem
275 1669 320 1714 ex
334 1643 468 1717 albidis
481 1657 518 1715 et
536 1642 829 1731 catarrhalibus,
843 1645 972 1716 colore
982 1647 1058 1742 jam
1074 1647 1146 1718 alia

117 1760 201 1833 alio
220 1785 300 1834 esse
318 1775 528 1857 coeperant,
543 1759 662 1832 etalio
676 1759 865 1856 pondere,
880 1760 1026 1858 aliaque
1043 1778 1144 1842 tena-

118 1881 265 1950 citate:
287 1879 335 1948 ad
354 1877 433 1968 haec
448 1876 603 1972 quidam
618 1876 797 1972 angustiae
808 1877 990 1973 pectoris,
1003 1895 1039 1949 et
1054 1903 1143 1961 con·

118 1995 336 2070 strictionis
356 2017 487 2081 sensus
505 2009 728 2082 accesserat,
753 1993 969 2090 internique
984 1995 1029 2069 ad
1051 2012 1143 2068 ster-

117 2137 225 2184 num
245 2113 396 2202 caloris,
412 2135 577 2208 quorum
591 2111 637 2185 de
657 2111 730 2182 hoc
738 2103 857 2210 saepe,
877 2112 999 2194 deillo
1017 2129 1143 2198 autem

120 2229 278 2302 assidue
291 2255 387 2330 aeger
397 2229 636 2328 querebatur.
651 2233 741 2321 Quae
756 2231 882 2302 omnia
898 2257 943 2302 eo
959 2234 1142 2330 majorem

118 2331 365 2428 incutiebant
375 2363 517 2432 metum
528 2403 537 2437 ,
548 2349 652 2446 quod
665 2347 809 2438 fauces,
821 2363 929 2423 antea
943 2349 1140 2439 rheumate

117 2481 280 2556 vexatae,
298 2468 433 2544 melius
450 2491 488 2540 se
506 2465 697 2540 habebant
721 2493 765 2545 ex
790 2492 868 2564 quo
891 2467 953 2538 illa
975 2491 1139 2542 accesse-

117 2600 231 2674 rant,
250 2585 437 2682 simulque
457 2599 623 2670 eutaneae
639 2584 794 2658 maculae
812 2582 914 2658 factae
931 2601 1038 2672 erant
1057 2587 1138 2685 pal-

119 2702 227 2791 lidae,
246 2727 315 2782 nec
335 2703 457 2777 ullum
480 2703 669 2801 pruritum
685 2699 911 2792 afferebant3
927 2719 969 2776 ut
985 2705 1041 2776 vis
1058 2729 1139 2776 om·

118 2821 182 2896 nis
203 2821 330 2902 morbi
352 2820 399 2894 ad
419 2821 613 2894 thoracem
631 2846 669 2894 se
686 2823 914 2906 convertisse
933 2820 1137 2910 videretur.

119 2942 285 3038 Jamque
306 2941 425 3036 ipsam
451 2940 563 3020 etiam
580 2963 736 3028 vocem,
756 2964 837 3010 non
865 2938 981 3010 modo
1001 2939 1138 3036 reliqui

120 3057 245 3132 robur
267 3057 441 3155 corporis
469 3058 509 3126 in
530 3056 689 3128 homine
714 3080 836 3128 annos
857 3054 1022 3142 necdum
1049 3071 1138 3131 nato

120 3176 279 3272 triginta
298 3175 418 3286 duos,
437 3172 640 3261 infirmari,
659 3176 819 3246 maciem
841 3174 987 3272 augeri,
1012 3171 1137 3264 faciei,

122 3294 347 3380 oculorum,
366 3309 403 3368 et
422 3295 538 3376 animi
554 3290 723 3390 rigorem
743 3293 879 3379 minui,
900 3317 1032 3364 omnes
1056 3294 1138 3362 ani-

122 3410 421 3487 madvertebant.
453 3416 576 3510 Atque
595 3412 646 3484 ita
665 3435 725 3482 res
749 3434 787 3482 se
804 3407 1015 3498 habebant,
1049 3435 1136 3482 cum
1244 3497 1247 3503 7

123 3526 194 3598 sub
209 3531 310 3625 junii
325 3526 440 3602 linem
458 3556 478 3602 a
496 3557 556 3602 me
576 3530 776 3602 consilium
796 3553 864 3626 per
881 3528 1022 3600 litteras
1042 3529 1136 3625 peti·

92 3720 95 3724 .
123 3659 204 3718 tum
219 3664 291 3738 est,
309 3670 450 3747 aegrum
471 3651 579 3722 enixe
598 3648 970 3734 commendantem,
990 3649 1057 3743 qui
1071 3648 1138 3714 im·

123 3784 257 3856 perure
274 3781 439 3864 poterat,
456 3783 627 3838 senatore
640 3772 787 3840 Veneto
809 3763 1136 3863 praestantissimO,
1180 3749 1186 3757 ’

125 3894 161 3952 et
177 3885 316 3956 Patavii
340 3897 431 3956 tuuc
454 3881 652 3974 Praefecto,
671 3909 714 3960 ac
733 3889 968 3980 Propraetore
991 3879 1136 3975 Angelo

125 4001 226 4076 Eme.
240 4003 499 4095 Erantmulta,
518 4021 554 4078 et
567 4007 687 4097 vides,
699 4031 782 4104 quae
795 4016 938 4076 metum
951 3998 1132 4072 facerent:
