2824 4668
288 459 359 532 316
446 483 493 530 nn
519 478 665 530 ssmsns
690 479 737 528 sr
759 479 884 528 caus1s
909 479 1122 529 nonnosum

289 596 450 667 aliorum
471 621 555 692 quae
571 594 711 666 ibidem
729 595 920 681 nominat,
942 593 1165 664 animalium
1185 597 1305 692 parti-

290 713 384 802 bus,
403 738 553 812 semper
575 712 715 786 diserte
729 711 777 783 ab
800 735 839 783 se
859 728 1083 811 conspectos
1104 708 1226 782 luisse
1242 714 1304 800 ait,

292 846 329 904 et
354 831 402 903 ab
423 857 461 903 se
481 833 622 929 pariter
637 832 737 903 visos
756 835 794 900 in
811 833 961 902 cerebro
979 834 1112 917 etiams,
1130 845 1174 900 et
1188 829 1304 900 corde

291 974 436 1021 vermes
453 949 719 1041 multifhrmes‚
735 964 776 1020 et
793 949 980 1020 interdum
997 972 1074 1019 non
1095 953 1222 1018 minus
1243 972 1304 1018 co-

284 1071 377 1165 pia,
399 1065 993 1163 quammagnitudinemirandos.
1013 1063 1105 1155 Quae
1118 1055 1242 1136 verba
1252 1079 1305 1139 ta-

292 1207 383 1254 men
400 1181 472 1254 hos
487 1181 657 1255 indicant
672 1181 933 1256 vermiformes
951 1185 1078 1281 potius
1100 1179 1227 1254 fuisse
1238 1207 1305 1280 po·

202 1330 204 1335 ·
295 1299 423 1396 lypos,
441 1315 482 1370 ut
500 1301 538 1370 in
555 1301 681 1400 puella
703 1327 858 1400 quoque
884 1301 946 1372 illa
965 1299 1101 1389 luisse,
1124 1301 1305 1395 conjicie-

295 1415 361 1488 bat
370 1417 614 1510 Vallisnerius
626 1417 821 1515 (1)‚fibras
831 1415 1091 1492 vermiformes
1105 1439 1152 1489 ex
1167 1417 1305 1507 albida,

294 1535 513 1633 viscidaque
524 1539 696 1624 materia,
715 1537 840 1611 cordis
850 1537 967 1610 ulceri
975 1535 1307 1609 adhaerentesssed

298 1677 381 1751 quae
401 1653 512 1727 nobis
530 1656 639 1726 venia
658 1655 782 1727 danda
798 1680 877 1726 non
898 1669 1009 1742 esset,
1027 1654 1057 1725 si
1075 1675 1136 1724 res
1160 1654 1307 1750 ejusce·

297 1772 402 1844 modi
421 1773 494 1844 hoc
509 1789 681 1872 tempore
702 1799 774 1872 pro
790 1773 983 1844 vermibus
995 1769 1100 1842 facile
1114 1772 1304 1870 accipere·

298 1915 398 1978 mus,
416 1892 450 1962 ei
463 1908 499 1964 et
516 1893 619 1980 viro,
641 1907 678 1964 et
696 1893 860 1989 tempori
878 1888 1002 1960 danda
1017 1903 1096 1976 est,
1118 1913 1208 1985 quo
1222 1889 1305 1960 Coi·

297 2011 369 2080 teri
382 2011 525 2082 monita
542 2025 607 2082 aut
623 2010 862 2107 neutiquam,
880 2023 942 2079 aut
957 2007 1197 2105 negligenter
1214 2006 1306 2078 adeo

296 2151 318 2196 a
341 2127 534 2224 plerisque
556 2127 677 2198 doctis
698 2128 809 2198 etiam
832 2125 988 2197 medicis
1009 2122 1249 2220 legerentur,
1269 2137 1306 2193 ut

296 2244 378 2315 illas
401 2246 501 2342 ipsas
521 2246 799 2333 concretiones,
817 2267 911 2341 quas
934 2239 1129 2312 lumbricis
1148 2241 1306 2328 similes,

298 2359 365 2432 sed
395 2386 526 2459 reapse
557 2388 602 2433 ex
630 2363 783 2460 pituita,
812 2376 855 2432 ut
881 2362 961 2460 ipse
987 2357 1165 2447 vocabat,
1196 2357 1307 2431 factas

297 2475 410 2549 fuisse
426 2478 630 2568 docuerat,
647 2481 747 2551 inter
764 2477 934 2576 exempla
943 2492 1191 2548 numerarent
1203 2502 1309 2550 vero·

236 2615 240 2626 ‘
287 2605 382 2666 rum
398 2595 675 2668 lumbricorum
694 2599 761 2695 qui
785 2598 824 2668 in
856 2594 971 2667 corde
991 2609 1028 2666 et
1054 2594 1215 2666 cerebro
1244 2595 1306 2666 de·

298 2713 478 2812 prehensi
495 2730 630 2786 essent.
645 2719 814 2788 Fortasse
832 2738 911 2815 non
928 2713 1120 2801 crederes,
1138 2714 1215 2785 nisi
1230 2714 1307 2812 ipsa

297 2830 413 2904 verba
433 2831 706 2929 producerem,
723 2858 805 2930 quae
823 2833 923 2904 inter
942 2855 1098 2903 suorum
1108 2832 1306 2918 vermium,

297 2973 395 3048 quos
426 2973 498 3048 pro
530 2951 738 3030 verissimis
768 2948 953 3037 habebat,
982 2949 1307 3020 enumerationem

299 3069 350 3140 sic
367 3069 596 3165 interposuit
608 3068 827 3140 Cornelius:
845 3065 1026 3164 Ejusdem
1035 3072 1191 3164 pariter
1205 3091 1309 3163 gene·

299 3191 349 3254 ris
366 3210 510 3256 vermes
528 3212 554 3282 c
567 3212 605 3257 se
615 3185 843 3284 quandoque
853 3185 1065 3255 observatos
1078 3184 1210 3254 scribit
1220 3189 1260 3254 V
1254 3182 1308 3254 ol-

299 3299 430 3371 cherus
442 3305 575 3390 Coiter,
584 3327 660 3373 non
670 3309 708 3372 in
726 3301 839 3374 corde
854 3315 1013 3388 tantum,
1026 3300 1095 3371 sed
1104 3306 1142 3370 in
1156 3301 1307 3372 cerebro

300 3442 448 3514 quoque
478 3443 625 3506 eorum,
658 3427 724 3517 qui
746 3421 947 3518 suspendio
974 3417 1127 3489 multati
1149 3425 1305 3516 periere.

299 3533 403 3605 Nihil
421 3535 545 3607 verius
565 3551 713 3632 poterat
726 3537 817 3626 dici,
833 3539 862 3609 si
877 3535 982 3634 quod
997 3536 1044 3606 de
1061 3537 1135 3608 suis
1148 3535 1309 3607 Volche·

297 3675 383 3740 rus,
400 3651 501 3723 idem
519 3652 566 3724 de
585 3678 740 3726 suorum
760 3653 986 3757 quibusdam
1006 3652 1205 3726 Cornelius
1225 3679 1307 3726 cen·

302 3784 445 3841 suisset.

343 4023 387 4101 (ι)
407 4003 490 4101 Risp.
510 4026 561 4083 cit.
