2984 4670
247 383 253 396 ⁸
299 405 371 500 368
465 426 519 486 aa
538 426 686 478 sameas
710 428 755 474 ar
780 425 904 477 crnsrs
929 425 1138 488 noanon-nn

291 537 839 626 vationem‚biscons1rmavit
865 539 939 639 (1)
963 567 1077 642 quam
1101 559 1296 618 vocassent

290 659 406 742 Prisci
423 683 552 730 renam
565 656 972 745 arterialem,'omnino
984 684 1107 733 veram
1119 667 1296 732 arteriam

294 799 391 861 esse,
407 776 579 848 arteriam
596 829 605 858 ‚
622 775 797 871 inquam,
813 780 852 845 in
860 775 1079 874 pulmonem
1089 777 1294 866 dueentem,

296 917 382 968 cum
398 919 488 964 vena
498 895 544 964 sit
555 917 667 988 quam
682 892 735 961 ilii
746 899 925 964 arteriam
936 894 1100 966 venalem
1109 893 1297 983 dicebant,

295 1012 337 1087 in
355 1034 422 1081 cor
435 1007 736 1082 introducentes:
747 1009 937 1106 pulmone.
951 1013 1061 1083 Nunc
1071 1013 1186 1110 igitur
1198 1011 1296 1103 vide,
1359 999 1364 1010 Χ

297 1151 385 1200 cunr
420 1125 637 1200 dilatatione
668 1126 901 1226 pulmonaris
937 1129 1079 1200 arteriae
1111 1127 1225 1204 fuisse
1257 1133 1298 1204 in

298 1232 427 1316 sancto
448 1239 514 1312 illo
527 1267 634 1331 sene,
652 1241 699 1314 de
721 1267 798 1340 quo
816 1243 986 1340 loquitur
1001 1245 1246 1344 Caesalpinus,
1261 1261 1299 1322 et

296 1359 581 1460 palpitationem
608 1358 747 1448 cordis,
774 1375 811 1432 et
836 1377 993 1458 propter
1009 1361 1102 1436 duas
1119 1362 1298 1464 abruptas

298 1501 320 1548 a
340 1477 620 1577 cartilaginibus
647 1491 768 1549 costas
797 1475 1037 1550 manifestum
1061 1481 1224 1554 exterius
1243 1481 1301 1554 lo-

300 1619 404 1670 curns.
419 1619 496 1692 quo
527 1618 565 1666 se
592 1609 725 1694 pectus
751 1595 894 1667 alterne
922 1583 1072 1670 tumens
1094 1597 1299 1672 attollebat.

245 1719 248 1727 '
299 1715 334 1786 N
336 1737 395 1801 ec,
414 1713 444 1784 si
454 1712 533 1796 ⁴huc
551 1712 686 1784 attinet
701 1711 988 1812 Scholiographi
1007 1714 1106 1792 itlius
1124 1713 1302 1790 observa-

299 1831 374 1920 tio,
391 1832 430 1902 in
449 1830 518 1901 hac
536 1829 662 1904 deerat
672 1830 866 1928 palpitatio
880 1831 1024 1904 cordis:
1043 1833 1151 1930 cujus
1160 1832 1301 1912 oblitus

299 1947 420 2020 videri
447 1962 573 2044 'potest
603 1953 788 2036 Bonetus,
818 1973 905 2046 oum
933 1948 1122 2052 ejusdem,
1145 1951 1302 2048 opinor,

301 2063 574 2144 observationis
590 2081 735 2162 partem
755 2051 930 2153 alteram,
954 2065 1011 2168 ad*
1022 2090 1227 2167 syncopem
1248 2065 1301 2142 fa·

302 2183 372 2254 cile
394 2183 634 2270 attinentem,
656 2208 738 2280 quae
764 2183 960 2280 Antipatro
985 2183 1139 2274 accidit,
1157 2185 1238 2284 ipse
1253 2183 1313 2258 ad·

301 2301 433 2400 pulsus
452 2299 741 2397 inequalitatem
766 2296 932 2372 referens
946 2299 960 2396 (
972 2327 992 2372 a
1003 2299 1035 2396 ),
1050 2301 1305 2378 observationi

304 2418 482 2516 opposuit
494 2417 548 2516 (3)
560 2418 815 2514 conjecturam
827 2418 1011 2508 Saxoniae,
1025 2421 1168 2519 quippe
1180 2419 1229 2492 de
1237 2419 1307 2494 ho·

303 2537 406 2610 mine
432 2537 542 2609 etiam
565 2551 646 2612 tum
667 2537 752 2605 vivo
774 2559 988 2608 sermonem
1006 2536 1204 2610 habentis:
1225 2561 1306 2638 quo
1410 2551 1413 2559 ⁴

303 2655 346 2727 in
357 2653 501 2750 judicio
524 2678 615 2728 nium
642 2649 764 2738 fallar,
784 2667 827 2723 tu
845 2657 1072 2744 constitues,
1098 2679 1185 2727 cum
1202 2650 1308 2754 apud

303 2773 427 2870 ipsum
444 2774 640 2846 Saxoniam
655 2769 839 2868 illumque
849 2763 1208 2870 Stholiographum‚
1224 2795 1308 2846 non

305 2889 360 2964 ad
369 2915 449 2987 cap.
470 2889 509 2975 3,
526 2886 589 2959 sed
604 2885 660 2962 ad
668 2910 751 2986 cap.
766 2887 833 2976 30,
849 2914 891 2960 ea
900 2914 983 2986 quae
998 2911 1101 2960 nunc
1114 2890 1237 2986 attigi,
1249 2913 1308 2964 re·

306 3007 538 3106 cognoveris.
559 3005 671 3094 Quod
688 3029 779 3077 vero
790 3005 837 3078 ad
850 3006 1135 3106 respirationem
1152 3009 1306 3100 attinet3

305 3126 432 3222 minus
453 3122 551 3193 hanc
572 3120 654 3195 fore
671 3120 882 3212 difficilem,
902 3123 967 3194 ubi
979 3123 1309 3219 impedimentum,

305 3240 381 3314 hoc
403 3253 457 3314 est
468 3237 664 3330 dilatatio,
680 3241 727 3316 ad
745 3241 887 3316 arteriae
905 3239 1139 3338 pulmonaris
1160 3243 1312 3316 initium
1421 3227 1423 3230 ⁵

210 3451 213 3458 ¹
306 3359 369 3445 sit,
387 3381 499 3455 quam
515 3357 680 3455 advena
698 3356 837 3446 finem,
854 3372 890 3430 et
907 3357 1002 3432 ratio
1015 3360 1202 3452 ostendit,
1217 3375 1310 3455 etex

256 3753 258 3757 '
350 3735 394 3810 (ι)
414 3739 479 3814 C.9
496 3747 525 3793 et
538 3737 571 3793 C.
588 3755 634 3812 19.

349 3853 394 3931 (a)
414 3856 447 3910 L.
467 3871 502 3907 a.
517 3871 540 3907 a.
557 3853 614 3910 hac
626 3869 660 3926 9,
673 3850 739 3909 obs.
751 3849 780 3912 6.
810 3839 811 3846 '

348 3969 392 4048 (3)
413 3972 449 4026 In
461 3967 552 4061 schol.
