2808 4664
297 493 367 542 220
449 491 504 537 'DE
530 488 675 537 sumans
700 490 745 536 ET
770 486 894 536 ctusts
919 487 1132 538 MORBORUM

294 604 365 675 illae
384 603 457 675 sint
471 600 645 688 valvulae‚
664 601 724 672 illa
745 601 967 700 sanguinem
978 601 1235 693 remorando,
1251 603 1308 675 tli-

297 722 487 809 lataverit‚
499 746 576 792 non
593 721 716 793 statim
731 717 811 792 fore
824 735 866 791 ut
884 721 1080 822 palpitatio
1093 745 1306 820 consequa·

299 855 384 928 tur3
405 864 489 910 nam
509 837 686 936 pulsuum
703 837 857 935 quidem
877 837 1169 936 inaequalitatem
1180 840 1307 911 minus

299 973 393 1031 tunc
408 955 576 1029 accidere
592 957 850 1042 consuevisse,
871 955 1028 1052 epistola
1039 959 1161 1027 XVIII
1174 956 1233 1052 (ι)
1253 958 1307 1026 in·

302 1076 552 1156 dicatumest.
578 1082 624 1146 At
651 1076 773 1162 enim,
793 1074 962 1171 inquies,
986 1073 1052 1144 illo
1068 1074 1152 1171 ipso
1173 1073 1264 1144 loco
1290 1098 1309 1145 a

301 1207 338 1266 te
354 1193 520 1291 agnitum
547 1189 888 1288 confirmatumque
909 1213 988 1263 esse
1011 1191 1191 1279 memini,
1216 1206 1309 1263 tunc

275 1395 280 1407 1
303 1310 587 1409 palpitationem
620 1333 757 1408 angere
786 1323 1008 1407 aegrotantes
1035 1309 1167 1382 solere.
1197 1313 1310 1382 Recte

262 1518 266 1524 Ι
306 1428 509 1500 meministi
534 1429 563 1499 si
580 1425 734 1524 quidem
763 1451 863 1526 soepe
889 1441 969 1498 tum
997 1450 1076 1498 esse
1085 1425 1310 1524 palpitatio·

307 1569 395 1616 nem
419 1546 567 1642 agnovi.
592 1543 664 1616 Sed
690 1569 782 1613 uum
809 1542 906 1615 forte
935 1542 973 1613 id
999 1543 1126 1641 nego?
1144 1544 1251 1634 Quin
1268 1542 1309 1612 li-

305 1662 441 1735 benter
453 1662 696 1762 aliisinsuper
711 1661 867 1758 adjectis
877 1659 1206 1734 observationibus
1221 1684 1310 1732 con-

312 1780 485 1853 firmabo.
501 1781 595 1853 Satis
611 1803 715 1852 nunc
728 1780 774 1851 sit
789 1779 890 1850 illam
906 1778 1089 1852 indicasse
1106 1778 1199 1848 clari
1217 1777 1311 1849 Cho

306 1899 408 1970 mclii
431 1899 507 1996 (2),
527 1899 593 1995 qui
610 1899 757 1986 virum,
783 1898 891 1994 cujus
914 1896 1049 1968 arteria
1073 1895 1310 1994 pulmonaris

252 2013 255 2019 ’
306 2018 462 2118 lapideis
482 2019 584 2090 intus
607 2031 786 2114 extraque
809 2014 1018 2088 tuberculis
1034 2013 1186 2086 obsessa
1213 2028 1309 2100 erat,

309 2161 376 2208 cor
391 2150 516 2206 autem
537 2159 805 2233 permagnum,
833 2132 977 2206 crebris
999 2133 1172 2203 uexatum
1197 2129 1309 2204 fuisse

309 2251 618 2352 palpitationibus
648 2252 851 2324 adnotavit.
894 2250 1042 2322 Scilicet
1074 2248 1221 2320 nullam
1245 2273 1311 2348 ego

309 2396 354 2443 ex
371 2353 572 2469 propositis
591 2369 843 2469 palpitationis
860 2367 980 2440 causis
995 2367 1212 2466 negaverim
1228 2391 1310 2440 eum

309 2486 381 2560 hac
396 2489 585 2562 interdum
605 2487 722 2561 luisse
745 2487 1005 2584 conjunctam3
1022 2483 1205 2584 quasdam
1222 2511 1309 2558 rero

310 2606 419 2678 etiam
442 2604 765 2705 saepius‚.fateb0r.
786 2604 832 2679 Id
848 2619 996 2677 tantum
1015 2599 1226 2694 admoneo,
1245 2602 1309 2674 ubi

312 2747 421 2796 causa
438 2725 562 2822 aliqua
579 2719 808 2821 ejuscemodi
819 2723 940 2821 posita
950 2723 1014 2810 sit,
1035 2746 1114 2794 non
1127 2722 1309 2794 contin'uo

311 2865 357 2914 eo
383 2841 663 2914 decurrendum
695 2865 795 2929 esse,
821 2855 865 2912 ut
889 2839 1174 2938 palpitationem
1203 2838 1310 2913 simul

311 2955 442 3048 fuisse,
462 2961 635 3048 omnino,
653 2974 690 3032 et
706 2983 856 3055 semper
869 2953 1075 3028 credamus.
1089 2955 1186 3028 Vide
1198 2959 1309 3040 enim,

311 3077 473 3176 exempli
488 3101 616 3165 causa,
634 3077 714 3174 ejus
732 3059 996 3148 dissectionem
1015 3072 1173 3170 virginis
1185 3073 1260 3172 (3),
1275 3076 1311 3144 in

311 3217 386 3290 qua
403 3192 593 3291 praelectas
610 3195 827 3294 pulmonari
840 3193 981 3266 arteriae
996 3191 1163 3264 valvulas
1179 3191 1244 3266 hic
1260 3193 1311 3262 in·

310 3324 369 3381 ter
389 3333 428 3382 se
451 3313 642 3412 colligatas
660 3314 833 3387 Valsalra
857 3312 1021 3398 invenit,
1044 3321 1088 3380 ut
1106 3309 1206 3379 viam
1232 3333 1311 3383 san·

311 3429 416 3525 guini
429 3431 491 3500 vix
506 3431 766 3530 relinquerent
782 3430 893 3502 lentis
909 3427 1094 3500 diametro
1107 3427 1311 3525 aequalem,

227 3609 228 3614 ,
310 3546 375 3642 qui
398 3562 598 3646 propterea
620 3550 661 3621 in
686 3549 826 3624 dextris
842 3547 963 3620 caveis
982 3544 1108 3618 cordis
1124 3545 1310 3632 restitans,

351 3843 396 3925 (ι)
416 3849 455 3905 r·

350 3947 394 4023 (a)
415 3949 505 4004 Mem.
521 3949 558 4006 de
569 3949 680 4006 l’Acad.
696 3951 771 4027 Roy.
785 3948 837 4009 det
854 3947 969 4008 Scienc.
990 3965 1038 4003 an.
1056 3963 1147 4018 ¹7⁰7·

350 4044 395 4120 (3)
410 4047 505 4124 Epist.
521 4047 572 4122 13,
589 4067 619 4106 n.
636 4064 682 4105 ra.
