2824 4668
176 402 245 448 mr.
273 401 313 450 u.
341 401 388 452 m
414 399 1025 466 ummsruouea1s,mrrr.xx1v.
1054 384 1123 458 335

121 515 362 594 uisPreevotii
376 513 448 612 (1),
464 514 700 612 singulorum
714 518 893 614 singulus,
909 522 1128 620 Hieronymi

115 647 254 710 eutem
271 631 432 706 Cardaui
450 632 505 730 (a)
522 631 638 706 binos.
651 636 794 724 Quaeri
808 636 962 734 legeris,
977 640 1127 737 pulsum

127 748 257 827 fuisse·
278 756 576 826 t'ntennittentem
609 753 794 848 reperim,
831 760 1128 832 intermittentem

126 891 279 966 quoque
305 867 563 965 inaequaliter,
595 864 708 942 fuisse
734 871 984 968 inaequalem,
1016 876 1127 948 etiam

126 992 220 1061 mire
232 985 476 1083 inrequalem,
496 992 661 1060 mantare
672 987 917 1084 inaequalem,
931 997 1035 1062 omni
1043 998 1129 1068 iuue-

125 1103 321 1200 qualitatis
338 1128 475 1200 genere
483 1105 773 1201 perturbatum,
792 1104 1070 1206 plurimumque
1089 1117 1128 1182 in

5 1309 8 1315 Δ
125 1219 281 1317 singulis
310 1219 533 1312 differentiis
560 1227 794 1312 variantem,
819 1222 950 1296 ordine
977 1233 1144 1312 ommno!

125 1337 257 1413 nullo:
276 1337 342 1410 sed
369 1363 454 1413 oum
482 1341 521 1410 in
545 1364 622 1410 uno
651 1365 814 1446 quoque·
832 1366 876 1415 ex
902 1340 963 1414 his
984 1359 1129 1442 septem

126 1457 233 1556 agris
249 1470 315 1530 aut
329 1456 530 1556 pericurdii
552 1473 618 1530 aut
637 1458 786 1547 oordie,
805 1459 910 1556 quod
927 1461 967 1532 iu
983 1461 1129 1560 aliquot

114 1595 308 1672 magnum
333 1571 422 1661 tuit,
445 1590 509 1644 aut
536 1575 749 1671 pulmonis,
778 1591 820 1645 ut
850 1577 889 1646 iu
918 1577 1129 1676 plerisque,

126 1691 330 1765 aliarumve
354 1692 518 1789 partium
546 1691 636 1761 vitia
659 1690 845 1788 descripta
869 1694 1059 1781 invenies,
1089 1698 1129 1768 in

126 1809 234 1882 nullo
245 1808 430 1908 polypum
440 1810 796 1883 auteonoretiouem
805 1810 1130 1907 polyposumcom-

127 1941 375 2000 memoratam
392 1924 547 2003 videbis.
566 1925 639 1997 Sed
661 1951 786 2022 neque
806 1927 846 2002 in
869 1927 949 1998 aliis
968 1927 1129 2016 videbis,

126 2067 224 2140 quas
242 2044 320 2116 huc
335 2043 501 2139 adjicies„
514 2041 695 2133 historiis,
713 2047 902 2116 Bruuneri
917 2045 1006 2142 (3),
1022 2046 1130 2118 Gull-

128 2163 260 2236 manni
274 2162 288 2258 ζ
299 2160 359 2258 Δ),
376 2161 537 2232 Lancisii
557 2159 630 2260 (5)
651 2161 803 2258 pulsum
833 2165 1130 2261 proponentium

127 2279 368 2378 imqualiter
380 2285 696 2366 internuttentem,
714 2279 1129 2380 r'noequaliterinaeqaa-

129 2397 219 2483 lem,
244 2395 485 2493 irregularem
510 2411 547 2467 et
569 2397 814 2495 inequalem,
831 2399 1132 2496 inaequalemat-

126 2537 202 2612 que
220 2520 540 2602 immittentem,
559 2539 646 2586 oum
661 2515 849 2612 quidquid
866 2515 1033 2588 morbosi
1045 2533 1131 2614 post

127 2617 194 2704 eos
208 2631 340 2730 pulsus
356 2631 694 2730 deprehenderunt
710 2634 750 2709 iu
770 2632 886 2704 corde
904 2635 1131 2732 praesertim,

127 2751 406 2848 arteriamagnu
417 2764 453 2820 et
464 2773 559 2820 vena
572 2773 672 2839 cova,
683 2775 762 2820 non
772 2753 1000 2822 reticuerint.
1012 2753 1132 2842 Quid?

117 2867 235 2964 ¹quod
247 2868 286 2938 in
305 2867 431 2966 puella
444 2853 608 2964 quotuor
622 2883 687 2938 aut
708 2870 878 2966 quinque
892 2893 1011 2939 annos
1027 2884 1131 2957 nata,

126 2985 238 3080 eujus
251 2984 427 3057 morbum
441 2999 478 3060 et
493 2985 758 3058 dissentionem
772 2987 945 3083 egregius
954 2988 1010 3054 vir
1023 2986 1133 3082 scrip·

128 3102 384 3200 sitVerueyus
396 3103 528 3200 junior
550 3101 626 3198 (6),
648 3127 734 3174 cum
754 3104 885 3201 pulsus
901 3102 1017 3174 modo
1038 3101 1132 3172 cele-

233 3459 268 3516 L.
285 3461 357 3527 ω.
374 3475 401 3526 1,
418 3457 482 3517 obs·
500 3457 566 3528 3,§
584 3477 629 3516 10.

234 3559 268 3612 L.
284 3575 321 3627 α,
337 3575 359 3612 e.
371 3575 406 3632 9,
421 3557 486 3612 obs.
501 3576 538 3613 22
551 3569 581 3614 et
594 3559 642 3616 33.

234 3654 310 3733 Eph.
323 3658 361 3713 Ν.
377 3657 410 3714 C.
424 3667 503 3714 cent.
516 3657 550 3728 6,
563 3660 627 3715 obs.
647 3679 672 3714 1.

236 3757 379 3815 Eorumd.
396 3766 453 3812 aet.
473 3767 543 3814 tom.
562 3777 588 3828 1,
603 3759 667 3814 obs.
683 3767 711 3826 4.

233 3857 277 3913 De
292 3875 393 3913 aneur.
410 3874 532 3930 propos.
547 3854 594 3914 53.

235 3957 324 4012 Mem.
337 3957 373 4012 de
388 3956 502 4014 l'Aoad.
515 3959 549 4011 R.
562 3955 613 4015 du
626 3957 672 4016 Sc.
686 3975 733 4024 un·
750 3965 836 4029 1704.
