2820 4668
284 481 357 572 484
454 501 501 550 nr.
528 499 675 548 sautans
700 499 744 548 cr
771 498 896 548 ctusrs
920 471 1133 552 notrorum

214 687 216 690 .
283 618 375 692 dum
398 615 611 704 incidisset,
642 613 874 687 subcruenti.
900 619 994 706 Cor,
1020 620 1182 718 ejusque
1201 627 1302 696 auri..

283 737 375 810 culae
402 761 481 806 non
510 732 626 806 modo
652 732 749 804 nihil
777 733 983 831 polyposi,
1015 735 1122 833 quod
1148 740 1192 810 in
1228 741 1299 814 hoc

282 855 463 928 cadavere
475 877 662 950 nusquam
677 851 771 944 vidi,
785 851 851 924 sed
865 852 960 937 nihil
976 851 1094 927 ferme
1105 861 1300 956 sanguinis

282 973 542 1048 continebant.
557 977 652 1044 Cum
666 971 750 1058 hic,
762 971 849 1042 etin
862 971 1038 1062 valvulis,
1052 975 1138 1044 etin
1151 980 1298 1076 magnis

280 1109 417 1195 praeter
434 1107 578 1164 aortam
593 1144 602 1179 ,
619 1091 739 1178 vasis,
758 1115 842 1186 quae
862 1090 1004 1186 aperiri
1024 1092 1175 1190 singula
1189 1094 1298 1189 jube-

259 1211 394 1300 ¹bam,
418 1209 741 1308 quantamaxima
763 1222 936 1306 poteram
962 1209 1173 1281 attentione
1193 1236 1296 1302 usu5‚

281 1328 477 1426 quidpiam
495 1325 783 1424 deprehendere
799 1349 878 1396 non
899 1349 1051 1423 possem
1075 1328 1185 1424 qnod
1205 1346 1298 1403 esset

280 1443 527 1516 adnotatione
557 1443 740 1542 dignum,
761 1443 926 1542 denique
948 1444 988 1514 in
1010 1460 1117 1522 aorta
1135 1445 1292 1520 substiti.

279 1565 374 1635 Nam
396 1564 563 1661 primum
582 1587 603 1632 a
623 1561 738 1633 corde
758 1561 805 1632 ad
825 1577 1066 1633 curvaturam
1081 1586 1210 1662 usque
1223 1569 1298 1652 visa

278 1681 391 1757 latior
420 1698 486 1753 est.
507 1686 601 1752 Tum
628 1680 723 1752 albis
748 1678 906 1752 maculis
927 1679 990 1752 hic
1010 1681 1087 1752 illic
1113 1684 1296 1756 interiore

281 1798 374 1872 facie
397 1799 582 1872 distincta.
614 1798 756 1870 Eadem
774 1813 953 1896 praeterea
970 1795 1062 1871 facie
1087 1815 1169 1872 tota
1193 1802 1298 1899 quari

280 1919 487 2017 inaequalis.
500 1923 567 2008 Et,
586 1917 693 2016 quod
708 1917 802 1988 mihi
823 1917 1058 2014 praecipuum
1073 1918 1203 1990 visum
1221 1930 1296 2007 est,

281 2037 410 2110 colore
418 2062 462 2107 ex
468 2052 550 2108 atro
559 2035 712 2124 rubens,
725 2049 768 2106 ut
781 2036 812 2106 si
822 2033 1120 2107 inflammatione
1133 2037 1296 2134 quadam

225 2222 227 2232 .
282 2170 379 2228 esset
388 2151 541 2227 ‘affecta
560 2155 663 2226 Albae
680 2153 835 2230 maculae
853 2167 957 2226 extra
983 2153 1185 2226 dilatatum
1202 2171 1295 2228 arte·

280 2275 346 2346 riae
372 2289 535 2346 tractum
555 2299 635 2344 non
659 2271 902 2372 apparebant.
924 2277 1064 2344 Caetera
1084 2288 1214 2345 autem
1236 2272 1294 2344 illa

282 2406 319 2464 et
336 2417 404 2490 per
426 2408 686 2479 curvaturam,
713 2407 749 2464 et
769 2415 844 2497 qua
869 2389 1079 2464 secundum
1101 2389 1295 2462 vertebras

281 2509 417 2582 arteria
455 2509 681 2598 descendit,
713 2507 956 2608 pergebant,
1003 2509 1131 2580 minus
1171 2523 1294 2580 tamen

281 2651 395 2726 quam
417 2626 457 2696 in
481 2627 606 2724 primo
632 2625 698 2728 illo
722 2641 854 2698 tractu.
889 2628 948 2696 Sic
979 2625 1092 2696 etiam
1120 2649 1213 2698 cum
1232 2651 1293 2725 per

281 2768 369 2816 eum
385 2767 531 2816 ramum
544 2767 583 2814 se
594 2743 861 2842 producerent,
874 2744 940 2840 qui
957 2767 979 2813 a
996 2742 1139 2815 dextris
1155 2744 1294 2816 subcla-

279 2863 402 2952 viam,
427 2877 464 2933 et
482 2861 689 2934 carotidem
709 2863 864 2934 arterias
883 2861 1038 2949 emittit,
1061 2877 1212 2958 quanto
1235 2859 1293 2932 ille

281 2981 401 3079 magis
415 2979 463 3052 ab
484 2981 592 3052 initio
611 2978 794 3066 distabat,
811 2993 917 3050 tanto
937 2977 998 3050 illa
1011 2979 1138 3052 minus
1155 3004 1195 3078 se
1211 3005 1294 3078 pro·

283 3098 434 3170 debant.
454 3099 613 3196 Capita,
628 3098 737 3192 cujus
754 3094 865 3168 facies
883 3109 963 3180 erat
981 3094 1112 3183 livida,
1126 3097 1293 3168 sectione
1398 3133 1399 3190 f

280 3217 458 3314 protinus
483 3217 679 3304 instituta,
704 3241 792 3286 cum
820 3215 990 3302 cranium
1009 3213 1292 3303 recluderetur,

279 3333 378 3442 pihil
397 3331 553 3406 effluxit.
573 3339 669 3406 Vasa
693 3359 764 3431 per
787 3348 942 3404 tenuem
968 3333 1189 3431 meningem
1214 3357 1293 3406 san-

242 3477 243 3482 ¹
282 3453 398 3552 guine
421 3451 590 3540 tumida3
613 3451 654 3521 in
678 3450 895 3523 lateralibus
923 3464 1048 3522 autem
1073 3447 1293 3523 ventriculis

278 3570 552 3644 vsubcruentam
572 3593 731 3666 aquam,
748 3568 814 3640 sed
837 3592 916 3639 non
936 3567 1115 3656 multam,
1135 3568 1293 3642 adnota-

281 3690 415 3760 vimus.
448 3692 632 3758 Caeterum
658 3685 884 3757 choroidum
908 3685 1091 3783 plexuum
1109 3685 1241 3775 color,
1259 3700 1293 3757 et

283 3804 472 3906 quidquid
499 3805 638 3876 sivein
670 3803 891 3875 ventriculis
917 3801 1118 3890 omnibus,
1146 3803 1223 3874 sive
1254 3805 1290 3872 in

282 3923 484 4019 oblongata
502 3921 770 4012 medulla,sive
782 3921 823 3992 in
850 3920 1008 3994 cerebro
1032 3935 1069 3992 et
1087 3919 1291 4006 cerebello,

282 4067 366 4140 quae
381 4041 536 4113 duriora
545 4041 672 4140 potius
686 4055 794 4113 erant
810 4065 925 4140 quam
951 4041 1050 4131 laxa,
1070 4035 1289 4112 dissecando
