2808 4664
296 419 368 500 224
454 435 502 482 ne
530 433 677 482 snnmus
703 436 748 484 nr
772 433 897 484 ciuus
922 435 1138 488 :tonuerunt

292 551 343 622 ris
360 547 650 622 observationes.
669 551 746 621 Nec
760 573 850 622 vero
864 548 944 620 baec
963 547 1071 639 dico,
1090 550 1199 648 quod
1222 552 1310 624 nul·

294 667 371 738 lum
406 691 573 764 unquam
607 667 706 738 inter
733 665 933 764 pericardii
964 667 1210 742 membranas
1231 694 1311 743 esse

293 809 403 884 posse
419 783 668 854 vermiculum
688 783 930 880 pertinaciter
949 784 1201 875 contendam,
1220 812 1308 858 cum

294 901 393 972 inter
407 925 549 994 magnae
562 901 705 972 arteriae
717 901 863 972 tunicas
880 924 976 999 saepe
986 901 1080 973 adeo
1091 901 1131 972 in
1147 903 1308 978 canibus

295 1018 682 1118 deprehenderimlr).
702 1019 773 1090 Sed
783 1043 828 1090 eo
842 1018 1057 1118 dico‚quod
1068 1021 1253 1094 certiores
1262 1022 1307 1094 le·

293 1163 381 1236 gere
397 1137 675 1210 observationes
689 1133 820 1225 velim,
831 1139 1051 1234 priusquam
1063 1135 1158 1210 illud
1173 1163 1306 1236 agnos·

277 1280 388 1328 cani.
415 1259 561 1328 Interea
585 1269 710 1336 autem
732 1274 879 1328 vermes
900 1255 967 1352 qui
985 1254 1091 1326 cordi
1110 1253 1305 1346 officiunt,

295 1397 360 1444 eos
376 1393 471 1462 esse,
488 1374 584 1444 aiam
602 1397 688 1444 cum
702 1372 910 1464 Trallian0‚
925 1372 994 1446 sub
1009 1375 1078 1444 ista
1096 1376 1227 1446 Zacuti
1240 1375 1305 1447 ob·

294 1492 503 1562 servatione
512 1487 679 1578 laudam,
693 1493 759 1586 qui
767 1491 960 1562 sinistrum
967 1490 1110 1564 laedunt
1118 1489 1306 1565 orificium

293 1609 492 1680 ventriculi
506 1607 600 1678 adeo
610 1608 649 1678 in
662 1631 890 1680 consensum
901 1631 968 1682 cor
980 1607 1147 1698 trahens,
1159 1623 1203 1682 ut
1212 1625 1307 1706 qu.

291 1727 518 1824 appelletur,
548 1749 631 1823 quae
652 1726 837 1798 sententia
856 1727 1000 1824 pariter
1016 1729 1197 1798 'Sennerti
1217 1725 1304 1820 fuit,

293 1844 364 1916 sub
385 1846 514 1918 eadem
530 1844 794 1916 observatione
806 1843 873 1915 ubi
887 1843 949 1914 illa
960 1859 1095 1942 quarta
1106 1843 1305 1918 nobiserat

291 1961 567 2061 producta.,Sic
593 1977 718 2044 autem
747 1958 921 2032 facillime
937 1961 1206 2060 intelliguntur
1223 1986 1302 2060 qua

292 2080 363 2152 sub
379 2079 560 2166 secunda,
580 2095 616 2150 et
630 2079 739 2152 tertia
752 2102 797 2150 ex
810 2077 1062 2169 Heumann),
1082 2094 1121 2152 et
1133 2079 1301 2152 Hollerio

291 2195 522 2268 adnotantur
542 2195 589 2266 de
609 2195 806 2270 lumbricis
833 2195 873 2266 in
905 2195 1153 2294 palpitatione
1178 2195 1301 2268 cordis

292 2339 413 2411 quara
435 2313 623 2387 vermibus
649 2329 718 2403 est,
747 2315 924 2404 exoretis,
948 2339 1019 2386 nec
1051 2315 1197 2388 curatio
1223 2316 1301 2414 ipsa

290 2432 454 2517 Loweri,
472 2457 554 2528 quae
574 2433 694 2530 prima
712 2430 974 2504 observatione
1001 2431 1253 2530 producitur,
1273 2435 1301 2506 si

290 2572 437 2620 vermes
457 2574 587 2620 revera
607 2549 751 2648 abegit,
772 2548 892 2622 multo
917 2549 1025 2622 aliter
1046 2547 1200 2644 videtur
1224 2573 1299 2624 esse

292 2689 362 2763 exp
378 2665 519 2736 icanda.
567 2649 571 2658 ’

343 2783 397 2854 16.
418 2785 496 2855 Etsi
514 2807 604 2854 vero
621 2785 778 2882 pariter,
801 2797 844 2858 ut
863 2783 1103 2874 dictumest,
1124 2785 1298 2858 nondum

289 2900 384 2971 mihi
398 2900 575 2972 accidisse
593 2902 769 2988 memini,
790 2915 831 2972 ut
849 2900 1102 2998 pericardium
1120 2927 1208 2974 aere
1225 2903 1299 2976 dis·

241 3033 243 3041 ‘
287 3031 434 3090 tentum
449 3021 679 3107 invenirem;
698 3033 823 3092 tamen
844 3044 888 3092 eo
907 3017 1050 3092 facilius
1063 3019 1296 3118 Hollerio(o)

288 3137 438 3208 credam
473 3139 690 3234 gravissimo
715 3139 816 3224 viro,
845 3137 974 3234 quiid
1000 3144 1101 3210 sein
1131 3137 1294 3210 dessectis

290 3257 525 3352 corporibus,
545 3239 668 3327 cordis
681 3255 926 3353 palpitatione
931 3261 1152 3354 peremptis,
1168 3255 1264 3356 expl
1284 3297 1296 3310 -

287 3387 412 3442 ratum
430 3372 601 3444 habuisse
626 3389 799 3460 testatur,
826 3372 931 3470 quod
949 3387 985 3445 et
1006 3398 1076 3468 ego
1102 3399 1189 3458 aere
1216 3389 1291 3446 tur·

187 3587 189 3592 Ι
289 3490 392 3586 gidus
412 3515 497 3560 cum
513 3491 602 3562 alias
615 3515 763 3581 caveas,
782 3506 863 3561 tum
874 3515 959 3562 vasa
973 3515 1128 3588 quoque
1145 3494 1294 3590 sangui·

326 3877 370 3955 (1)
390 3877 484 3952 Epist.
503 3889 581 3934 anat.
597 3899 631 3953 9,
646 3900 676 3935 n.
697 3878 744 3946 45.

324 3977 368 4054 (a)
388 3980 432 4034 De
448 3979 545 4036 morb.
563 3979 617 4036 int.
636 3981 655 4035 l.
673 3999 706 4052 1,
724 3999 749 4036 c.
763 3997 801 4056 29
814 3979 847 4036 in
860 3979 954 4038 schol.
