2800 4674
317 477 367 574 98
486 498 532 544 nn
558 491 704 542 sumnus
731 493 775 538 un
801 489 927 538 causis
951 475 1161 540 uo'naonui's

318 613 416 682 ricos
431 609 516 680 illos
529 633 596 706 per
613 607 729 678 solam
745 604 1020 702 experientiam*
1032 619 1224 693 accurate,
1245 629 1330 704 par·

317 729 403 814 tite,
429 721 592 796 dilucide
615 723 709 794 adeo
732 723 896 806 novisse,
919 735 1032 818 atq-ue
1050 721 1117 809 hi,-
1135 729 1327 812 anatome,
1397 779 1398 784 η

318 859 355 916 et
369 844 512 913 ratione
525 839 641 927 duce,
660 852 961 936 proposuerunt,
982 839 1185 934 praesertim
1196 855 1326 911 autem

319 950 1325 1056 Bmmwmmmmma

320 1080 505 1152 seniorem
523 1073 731 1160 medicum,
756 1075 822 1171 qui
840 1073 1121 1145 eadem⁸0mnes
1140 1075 1196 1145 uti
1217 1099 1325 1146 cura-

319 1196 423 1268 tione
452 1193 661 1290 scripserit,
690 1193 775 1262 sive·
798 1190 970 1288 pleuram
995 1189 1151 1262 morbus
1178 1205 1324 1280 teneat,

319 1313 394 1386 sive
412 1309 635 1408 pulmones,
660 1305 802 1378 oblitus
823 1305 995 1378 videlicet
1011 1305 1070 1377 vel
1091 1307 1172 1402 ojus
1196 1305 1325 1378 dise'ri·

316 1429 429 1500 minis
445 1425 550 1525 quod
569 1452 617 1497 ne
635 1427 661 1495 ii
678 1423 833 1522 quidam
851 1439 1009 1520 negant,
1029 1423 1095 1520 qui
1111 1429 1244 1496 caetera
1263 1449 1323 1496 ex·-
1397 1443 1398 1462 ²

315 1561 472 1618 tenuare
485 1557 686 1629 conantur,
708 1543 738 1612 si
754 1565 814 1614 res
839 1540 885 1612 ad
908 1540 1217 1638 suppurationem
1240 1561 1322 1613 ver-

316 1677 397 1762 gat,
412 1677 503 1732 tnnc
522 1660 651 1732 saltem
664 1659 808 1756 aequir'i
821 1657 931 1728 aliam
946 1656 1103 1729 curandi
1116 1658 1321 1736 rationem,

316 1781 349 1853 si
364 1803 439 1877 pus
450 1779 491 1848 in
506 1777 636 1876 pleura
660 1777 725 1864 sit,
748 1775 953 1873 adsitisquo
976 1775 1171 1860 musculis3
1189 1777 1321 1861 aliam,

316 1897 351 1970 si
368 1897 407 1966 in
422 1893 684 1994 pulmonibus,
704 1908 741 1964 et
757 1892 869 1990 longe
884 1893 954 1961 alia
971 1891 1090 1964 viaex
1103 1891 1184 1979 illa,
1208 1907 1322 1990 atque

318 2040 364 2088 ex
377 2011 451 2101 his,
469 2035 547 2084 esse
563 2010 812 2082 educendum.
831 2013 916 2082 Non
930 2033 990 2080 me
1009 2004 1103 2106 fugit
1119 2007 1211 2080 alios'
1232 2035 1322 2106 quo»

315 2155 410 2229 que,
437 2144 474 2200 et
501 2129 612 2225 longe
635 2119 788 2222 quidom
816 2151 863 2198 eo
892 2125 1109 2224 peritiores,
1138 2129 1318 2198 memoria

315 2261 452 2318 nostra
463 2241 573 2315 fuisse
591 2233 776 2331 medicos,
790 2245 855 2340 qui
871 2242 1039 2314 eamdem
1055 2241 1150 2332 stare,
1164 2243 1243 2315 imo
1251 2268 1319 2342 ·pa-

315 2387 397 2434 rem
411 2361 568 2431 omnino
577 2360 753 2432 medendi
762 2361 1159 2434 rationem‘d'ocuerint
1170 2364 1318 2459 utrique

315 2475 454 2550 morlio
470 2478 681 2548 convenire.
700 2476 772 2548 sed
788 2477 828 2547 hi
845 2494 909 2549 aut
927 2479 1054 2551 sedem
1069 2480 1266 2576 utriusque
1279 2481 1315 2548 in

314 2596 514 2696 pulmone,
536 2608 600 2665 aut
618 2594 729 2666 simul
745 2607 951 2694 utrumque
967 2621 1065 2684 esse,
1084 2595 1317 2668 arbitraban-

315 2729 398 2802 tur,
417 2727 459 2784 et·
472 2733 555 2810 quaa
577 2710 742 2784 remedia
760 2713 911 2810 utrique
931 2712 1065 2784 morbo
1083 2714 1318 2816 eommunia),

315 2844 355 2901 ot
368 2828 652 2927 rectaquidem,
667 2831 989 2916 statuerent,satis
999 2829 1231 2926 inteiligitur.
1250 2829 1320 2899 ult

314 2969 426 3036 vero,
445 2960 488 3017 ut
506 2935 664 3017 omnem·
684 2946 979 3018 anatomicorum
999 2955 1161 3044 operam*
1178 2947 1222 3016 in'
1243 2945 1319 3016 di's-

316 3063 760 3162 quisitionehaciuanam
771 3084 869 3152 esse,
887 3044 1087 3153 dictitaret,
1098 3041 1202 3134 tdtm
1215 3061 1325 3133 affin·

314 3182 446 3256 mabat·
459 3181 505 3252 de
523 3182 696 3253 universa
716 3181 906 3252 curatione
916 3208 934 3269 3·
952 3182 1058 3278 quasi
1075 3161 1328 3252 illiid'saitam²

314 3323 449 3368 verum
469 3322 547 3367 non
565 3313 676 3385 esset,
692 3298 809 3395 magis
828 3296 1026 3369 sollicitum
1042 3297 1088 3368 de
1105 3297 1258 3384 morb0,
1278 3313 1315 3370 et

317 3403 364 3486 da
383 3413 496 3484 celeri
510 3438 732 3512 magnorum
750 3415 973 3485 auxiliorum
993 3414 1316 3488 administratione

315 3530 505 3602 medicum
516 3527 607 3619 fore,
616 3529 1084 3627 quimulto'cneberrimain
1098 3532 1177 3627 ejus
1187 3532 1316 3603 sedam

315 3649 406 3722 sciat
423 3672 501 3742 osse
518 3649 557 3719 in
575 3647 838 3746 pulmonibus,
853 3649 1034 3722 ra'rior'em
1047 3650 1085 3723 in'
1101 3649 1244 3746 p'leura.
1262 3653 1316 3720 Tu

315 3780 457 3856 autem,
476 3765 507 3836 si
522 3763 619 3838 bene
633 3779 739 3838 tuum
756 3766 846 3858 novi
862 3750 1190 3842 animumsniendi
1209 3767 1316 3866 cupi-

316 3879 427 3963 dum,
450 3895 487 3951 et
507 3879 586 3950 veri
605 3880 859 3976 cognitionem
882 3881 995 3953 rebus
1015 3883 1154 3953 caeteris
1173 3880 1316 3956 anteta-

315 4011 481 4086 rentem,
505 4019 583 4066 non
600 3997 652 4070 iis·
668 3995 784 4072 modo
804 4021 894 4096 quas
905 3997 952 4070 de
969 3997 1317 4096 mnnboihoomihi
