2816 4668
175 496 243 546 ma.
271 495 310 543 11.
331 489 387 544 'nr
413 496 550 545 uorsus
575 497 775 562 THORAGIS,
800 499 912 546 nrrsr.
935 502 1017 548 xxv,
1046 485 1114 566 421

104 625 320 709 occupant,
336 611 402 709 qui
412 611 519 681 nullo
533 609 579 680 de
589 605 836 682 incommodo
849 614 1120 709 querebantur,

107 752 199 798 cum
234 752 321 826 pars
352 727 398 798 ad
429 727 632 798 vivendum
661 728 756 800 adeo
785 733 1022 822 necessaria,
1054 759 1120 806 cor

107 847 233 945 possit
260 846 482 935 interdum,
515 845 629 918 nullis
654 845 907 944 peculiaribus
939 852 1123 924 comitan-

105 963 212 1036 tibus
221 963 474 1036 incommodis
483 1019 493 1054 ‚
503 963 688 1060 ejusmodi
697 965 788 1035 vitio
802 964 997 1056 laborare,
1014 970 1121 1064 cujus

108 1084 348 1155 incremento
382 1081 589 1182 parietibus
613 1082 713 1154 illius
748 1081 977 1181 perforatis,
1008 1087 1120 1160 simul

109 1225 199 1271 cum
213 1201 395 1300 sanguine
408 1203 484 1272 vita
495 1201 697 1274 amittatur.
712 1202 858 1292 Quibus
870 1202 917 1274 dc
932 1203 1120 1277 mortibus

107 1319 299 1418 proximas
317 1318 458 1392 litteras
474 1335 648 1418 expecta,
667 1333 704 1392 et
721 1321 822 1393 Vale.
843 1319 900 1418 (*)
1006 1327 1011 1332 ’

149 1673 190 1754 (*)
210 1678 281 1733 Non
290 1689 376 1746 raro,
387 1687 421 1732 ut
430 1675 543 1750 pluries
556 1672 668 1731 dictum
678 1675 735 1731 suit
749 1677 782 1731 in
794 1677 1031 1750 praecedentibus
1043 1681 1120 1754 epis-

106 1777 191 1848 tolis,
204 1775 398 1834 inveniuntur
407 1775 612 1850 praesertimin
624 1773 718 1846 venis,
727 1775 816 1832 bullae
827 1793 919 1832 aereae
932 1788 984 1832 aut
992 1779 1121 1834 aerison-

105 1895 170 1938 mes
181 1897 190 1948 ;
203 1877 385 1952 quandoque
407 1876 528 1950 quidem
540 1875 646 1932 corita
665 1875 737 1932 flatu
754 1876 916 1932 distentum
936 1877 1123 1952 conspicitur

106 1988 144 2034 ut
164 1975 362 2052 tympanitnm
383 1975 482 2032 cordis
506 1974 636 2046 diceres5
660 1976 744 2050 quod
762 1974 827 2050 jam
853 1987 991 2032 notatum
1011 1978 1068 2034 fuit
1088 1979 1122 2036 in

107 2075 242 2150 Epistola
251 2079 289 2146 V,
300 2083 335 2130 n⁰
343 2093 392 2130 20.
403 2075 463 2131 Sed
472 2075 579 2130 nullibi
588 2073 699 2132 dicitnr
709 2095 845 2150 quaenam
854 2075 892 2134 sit
903 2087 1010 2134 natura
1017 2077 1124 2152 hujus·-

109 2195 143 2232 ce
154 2175 293 2232 aerisaut
305 2173 402 2230 flatus.
480 2163 485 2168 ’

151 2277 231 2331 Dum
245 2271 297 2331 has
310 2275 410 2351 relego
424 2275 549 2350 paginas
569 2272 638 2350 (die
649 2275 813 2332 decembris
825 2276 967 2352 vigesima
975 2279 1119 2356 septima)

110 2392 191 2430 nova
203 2393 233 2430 se
245 2373 356 2430 obtulit
367 2373 485 2431 occasio
494 2371 618 2430 hanc-ce
625 2375 779 2432 materiam
788 2369 986 2434 oraminandi.

150 2475 340 2535 Incadavere
352 2465 484 2530 mulieris
494 2475 670 2550 paulopost
685 2486 806 2550 partum
821 2475 973 2534 difficilem
988 2489 1017 2534 et
1036 2480 1118 2536 labo-

108 2574 222 2638 riosum,
230 2573 389 2644 defuncta,
411 2575 596 2648 pubnonaris
617 2576 802 2634 ventriculus
819 2578 918 2652 cordis
940 2590 969 2634 et
987 2581 1120 2638 auricula

1 2668 4 2705 ²
108 2675 212 2732 dextra
223 2691 290 2730 aere
302 2684 353 2730 aut
362 2672 433 2733 flatu
445 2673 564 2752 turgida
573 2674 766 2732 inveniuntur
773 2698 782 2750 ;
798 2678 918 2735 ethicce
927 2677 1014 2735 flatus
1024 2679 1121 2736 clasti-

1 2785 4 2830 ἑ
109 2793 171 2842 cus,
184 2773 362 2844 aeriformis,
371 2773 427 2830 rite
438 2775 578 2831 collectus
591 2785 621 2832 et
628 2777 720 2832 variis
730 2778 937 2852 experimentis
947 2780 1119 2851 submissus,

110 2875 185 2930 nihil
194 2886 256 2930 erat
268 2873 327 2930 nisi
338 2893 390 2952 gaz
402 2874 520 2932 acidum
530 2875 723 2934 carbonicum
743 2897 810 2935 cum
819 2875 1006 2956 hydrogenio
1023 2879 1121 2935 sulfu-

111 2986 177 3031 rato
187 2974 322 3031 mixtum.
338 2971 460 3051 (Adnot.
472 2975 647 3054 editorum.)
