2850 4668
192 437 271 482 mn.
300 437 342 482 11.
368 415 929 517 nu'nbnarsrnonscrs,nr1sr.
956 441 1029 487 xxi.
1083 445 1127 516 71

105 546 288 621 busdam
309 547 634 636 concretionibus,
651 537 780 645 quales
796 549 927 621 inimo
943 549 1046 624 dolio
1061 578 1136 662 per

105 665 260 736 vinum
278 679 407 738 nutare
422 665 553 738 solent.
572 669 623 737 Ea
641 665 834 754 exhausta,
849 682 984 750 neuter
997 662 1130 766 pulmo

106 781 157 856 ad
179 784 364 880 pleuram
379 781 573 854 adhaerens
586 798 810 882 conspectus
822 797 898 872 est,
915 783 980 858 sed
992 784 1071 859 haee
1086 789 1128 859 in

107 899 330 989 lateribus,
345 900 495 972 sinistro
513 900 733 998 prasertim,
751 901 792 972 in
809 925 887 1000 quo
898 899 1051 975 fortasse
1064 905 1129 976 illa

107 1033 230 1090 antea
246 1017 420 1116 pleuritis
431 1015 566 1106 luerat,
582 1019 757 1117 apparuit
768 1017 1025 1090 rubicundior.
1043 1021 1134 1092 Pul--

107 1134 378 1226 mones,alibi
393 1133 470 1208 lere
483 1135 637 1225 molles,
651 1133 870 1210 inferiorem
882 1150 1026 1234 partem
1038 1136 1128 1210 dex-

108 1266 241 1341 teram
269 1251 486 1326 habuerunt
505 1253 660 1341 duram,
684 1269 721 1326 et
749 1241 966 1352 turgidam,
980 1267 1018 1326 et
1044 1279 1126 1352 quae

107 1385 240 1460 secta,
263 1369 478 1444 densiorem
497 1371 660 1445 ostendit
686 1371 929 1446 substantiam
955 1397 1001 1444 ex
1020 1370 1129 1445 lusco

106 1511 365 1586 purpuream.
379 1494 432 1560 En
444 1505 607 1588 utroque
619 1489 812 1562 bronchio
821 1489 860 1560 in
872 1503 1050 1560 truncum
1066 1513 1126 1560 ar-

106 1607 220 1676 teriae
246 1629 385 1704 asperae
411 1608 718 1706 sanguinolentus
738 1606 880 1678 humor
894 1605 1125 1705 exprimeba-

107 1735 186 1792 tur.
200 1707 933 1822 Pericardiumantequamincideretur,
940 1725 1042 1818 justo
1052 1747 1126 1794 am-

106 1839 216 1934 plius
232 1845 484 1938 conspectum
494 1857 560 1913 est.
585 1841 656 1912 sed
669 1865 714 1912 eo
729 1841 871 1928 incis0,
887 1839 1124 1912 manifestum

107 1951 203 2041 fuit,
225 1979 312 2027 eam
325 1955 616 2053 amplitudinem
629 1979 708 2026 non
720 1969 797 2028 tam
810 1977 929 2052 aquae,
944 1955 1029 2052 (etsi
1045 1979 1125 2026 non

18 2133 20 2150 ,
106 2095 244 2168 pauca
259 2086 360 2158 erat,
373 2095 493 2170 eaque
508 2071 783 2168 ejusdemmodi
796 2085 908 2170 atque
920 2073 962 2142 in
971 2069 1125 2144 thora'ce

110 2188 268 2276 dictum
280 2189 753 2288 est),quam·magnitudini
766 2188 1122 2277 cordisdeberi,cu-
1228 2172 1235 2194 Ι

105 2306 175 2400 jus
183 2331 269 2377 non
279 2305 642 2404 crassioresquidem
655 2321 761 2378 eraut
772 2307 945 2404 parietes,
958 2306 1022 2380 sed
1032 2331 1129 2378 ven·-v

110 2422 269 2512 triculi,
293 2422 424 2504 dexter
448 2425 658 2523 praecipue,
684 2423 844 2510 dilatati,
870 2447 1122 2527 magnamque

100 2540 270 2637 copiam
282 2541 352 2612 atri
369 2542 561 2639 sanguinis
573 2540 828 2613 continebant.
843 2539 930 2612 Erat
943 2541 1005 2642 bic
1020 2555 1121 2612 certe

112 2679 193 2726 non
203 2653 372 2746 fluidior,
380 2682 454 2730 nec
462 2659 579 2730 ullam
591 2658 718 2732 tamen
727 2673 791 2730 aut
802 2657 949 2746 ibi,aut
959 2680 1126 2756 usquam

115 2775 343 2872 polyposam
358 2779 640 2850 concretionem
655 2776 837 2865 ostendit,
855 2791 1010 2874 excepta
1027 2799 1100 2852 una
1111 2827 1129 2864 „
1199 2837 1204 2847 .

117 2914 239 2987 eaque
259 2894 384 2980 tenui,
399 2909 523 2966 crusta
540 2895 580 2964 in
595 2894 807 2968 ventriculo
818 2891 993 2982 destord,
1006 2905 1049 2961 ut
1060 2915 1121 2960 me
1179 2961 1181 2966 .

119 3031 200 3080 non
218 3011 459 3108 poenimerit,
475 3011 580 3109 qnod
594 3013 867 3098 concretiones,
885 3026 922 3082 et
934 3008 1123 3106 pulmonis

122 3123 168 3194 ad
182 3127 355 3224 pleuram
367 3127 618 3202 adhaesionem
633 3155 711 3201 non
726 3141 978 3202 asseveranter
988 3123 1127 3223 predi·

123 3241 276 3333 xissem;
291 3247 437 3318 tametsi
448 3246 529 3319 illas
544 3265 692 3345 semper
709 3249 748 3317 in
766 3229 901 3318 emisso
919 3243 1032 3340 hujus
1051 3241 1123 3312 viri

127 3357 330 3457 sanguine,
356 3379 392 3434 et
418 3363 762 3461 quidemcrassas,
783 3375 1002 3460 conspectas
1021 3383 1124 3445 esse,
1233 3431 1235 3444 ,

128 3471 226 3549 banc
248 3495 373 3552 autern
391 3481 459 3554 ubi
479 3482 649 3581 pleuritis
663 3479 823 3569 fuerint
840 3481 1013 3579 plurimis
1032 3476 1124 3574 poni

131 3613 208 3664 non
227 3599 458 3695 ignorarem,
476 3615 512 3672 et
534 3602 666 3698 saepius
683 3601 761 3698 ipse
781 3597 1123 3697 deprehendissem.

133 3709 240 3797 Quod
258 3715 374 3812 siquis
387 3741 540 3788 narrare
556 3721 736 3816 potuisset
754 3743 835 3814 quae
849 3715 953 3786 facile
966 3726 1051 3786 ante
1068 3709 1127 3779 ul·

134 3823 264 3918 timum
289 3831 392 3902 hunc
417 3833 609 3924 morbum,
635 3849 671 3905 et
693 3833 826 3906 ‘saltem
859 3845 945 3928 post
967 3829 1128 3926 primam

137 3938 371 4036 pleuritidem
388 3945 534 4022 fuerant
548 3949 685 4054 indicia
699 3949 838 4023 dilatati
855 3944 1004 4032 cordis,
1016 3941 1129 4041 ethy-
