2820 4668
96 555 100 568 .,
159 512 227 558 ria.
256 511 295 556 11.
323 509 371 558 oa
396 505 533 554 rroams
558 489 1120 580 rnorsors,sa1sr.xxv11.'545

110 625 204 697 dum
221 639 324 696 tanta
337 638 423 712 est,
449 637 492 695 ut
520 625 606 694 satis
630 623 679 695 sit
701 623 890 726 internam
908 629 1051 700 arteriae
1070 627 1122 700 fa-

110 747 209 816 ciem
224 746 390 843 aspicere
415 758 485 814 aut·
498 757 672 840 tangere,
690 767 740 812 no
761 741 912 816 dubites
934 745 1023 818 inde
1039 749 1122 820 vul·

110 879 281 935 neratam
294 862 570 961 laceratamque
586 856 718 946 luisse,
733 861 782 932 ita
798 862 887 934 alias
905 863 1008 936 nulla
1029 867 1123 938 ossi-

110 983 288 1067 culorum
299 996 399 1052 extat
407 964 588 1078 asperitas
602 991 666 1049 aut
679 979 911 1076 inaequalitas
924 1037 934 1070 ,
951 998 988 1054 et
998 985 1122 1058 orosio

109 1115 239 1174 tamen
261 1123 300 1171 se
319 1097 493 1170 ostendit.
521 1095 623 1186 Quin
645 1095 852 1194 aliquando
878 1099 974 1170 nihil
996 1101 1122 1180 adhuc

110 1233 168 1290 est
187 1203 408 1306 ossei‚'oum
430 1217 508 1312 jam
528 1238 636 1286 erosa
661 1231 817 1314 apparet
835 1217 981 1290 arteria.
1001 1221 1123 1296 Sicin

111 1351 245 1424 nauta,
263 1359 377 1434 quem
398 1333 467 1405 tibi
490 1333 579 1404 alias
596 1333 650 1430 (ι)
666 1325 897 1422 describam,
920 1335 1026 1408 nulla
1042 1354 1124 1410 erat

113 1457 154 1525 in
173 1479 308 1552 magna
325 1454 462 1526 arteria
475 1451 667 1523 bracteola
681 1475 806 1541 ossea,
819 1451 973 1526 maculae
988 1455 1123 1530 dunta-

110 1587 175 1644 xat
193 1569 357 1644 subalbae
375 1568 647 1658 occurrebant3
663 1570 787 1640 erosio
799 1585 945 1659 autem,
965 1573 995 1642 'si
1006 1574 1122 1669 paulo

46 1743 53 1752 -
111 1691 291 1762 attentius
307 1667 533 1786 inspirares,
545 1686 623 1781 jam
641 1686 923 1760 eratinchoata
942 1690 1001 1762 Sic
1015 1691 1121 1768 neal)

110 1809 157 1890 iis
180 1805 355 1878 recedam
380 1828 477 1902 quos
502 1801 711 1902 descriptos
739 1802 857 1878 habes
885 1806 925 1876 in
953 1807 1142 1904 epistolis„
1247 1855 1249 1862 ι

111 1942 222 1998 antea
239 1924 379 2012 missis;
404 1923 548 2020 relegas
566 1925 708 2013 xxl113
734 1921 835 1994 idem
860 1923 900 1994 in
923 1927 1006 1998 viro
1027 1925 1082 2025 (a)
1102 1955 1123 2002 a

110 2069 173 2117 me
188 2044 409 2116 adnotatum
424 2042 608 2139 reperies:
623 2042 936 2140 praesertimvero
951 2044 989 2114 in
1003 2047 1123 2126 XXVI

113 2167 297 2234 Venetam
314 2159 513 2230 mulierem
524 2157 580 2256 (3)
594 2157 757 2248 videbis,
775 2160 837 2232 cui
849 2158 945 2233 nihil
961 2161 1002 2230 in
1016 2176 1122 2240 aorta

114 2305 281 2379 osseum,
303 2293 407 2352 tanta
430 2291 556 2348 autem
585 2275 700 2372 hujus
720 2299 842 2374 ¹supra
875 2276 1121 2358 semilunares

111 2396 279 2470 valvulas
296 2393 367 2467 fuit
384 2393 631 2477 exulceratio,
653 2408 694 2464 ut
716 2393 800 2466 illac
820 2393 891 2476 sihi
908 2398 1007 2468 viam
1022 2395 1121 2470 fece-

110 2517 161 2587 rit
185 2515 336 2612 sanguis
360 2536 431 2611 per
458 2535 573 2611 quarn
597 2515 636 2582 in
659 2512 923 2610 pericardium‘
932 2513 1118 2616 prodiret.

109 2635 188 2704 Nec
206 2631 299 2702 mihi
317 2632 408 2720 uni,
428 2631 494 2703 sed
512 2645 551 2702 et
568 2630 649 2702 aliis
667 2631 825 2732 contigit
839 2631 975 2712 similia
987 2631 1120 2731 depre·

108 2748 289 2824 bendere.
322 2748 418 2822 Vide
449 2751 569 2838 enim,
597 2750 760 2846 exempli
795 2752 939 2846 gratia,
970 2766 1014 2822 ut
1030 2753 1118 2834 ‚Lit-

109 2873 203 2942 trius
226 2869 280 2966 (A)
307 2871 348 2938 in
373 2866 504 2939 eadem
529 2881 642 2938 aortae
666 2866 755 2940 sede
784 2867 892 2940 ulcus
914 2869 1118 2959 invenerit,

107 3009 280 3073 oausam,
305 3001 349 3056 ut
374 2999 491 3081 puto,
514 3007 583 3056 cur
606 3009 682 3054 una
706 3005 836 3053 earum
858 2983 1117 3074 valvularum',

110 3127 194 3202 quae
209 3102 265 3172 illi
281 3117 360 3174 erat
377 3101 546 3198 subjecta
558 3101 696 3188 ulceri,
715 3099 762 3187 ad
774 3101 918 3172 arteriae
933 3102 1117 3199 parietem

6 3255 7 3264 ¹
112 3245 148 3293 se
178 3219 452 3319 agglutinasset.
481 3219 632 3290 Nullam
656 3220 843 3289 tamenin
873 3219 936 3290 illa
962 3223 1116 3312 arteria,

111 3337 253 3409 nullam
271 3338 311 3408 iu
325 3337 482 3416 valvulis
496 3336 556 3408 vel
575 3335 769 3426 minimam
790 3353 936 3411 osseam
947 3361 1116 3439 ‘comme-

109 3469 230 3528 morat
240 3455 496 3554 squamulam,
516 3454 760 3542 utnesciam,
781 3480 858 3552 quo
871 3479 960 3526 casu
974 3455 1118 3530 accide-
