2808 4664
136 487 203 531 mn.
232 487 272 533 11.
300 487 346 533 nu
372 487 507 542 nonnis
533 485 724 549 ruonacrs,
750 488 861 537 rrlsr.
882 491 984 554 xxiv.
1014 466 1083 538 283

142 599 195 669 13.
210 600 278 670 Vir
295 601 533 672 consistentis
551 601 684 688 aetatis,
710 602 817 697 cujus
832 627 891 674 ars
907 619 984 674 erat
999 613 1090 675 can·'

85 714 224 787 nahem
243 719 465 806 carminare,
481 719 583 789 venit
602 718 681 816 ipse
705 718 745 789 in
764 721 1000 792 bononiense
1019 745 1085 792 no·

86 834 297 906 socomium
312 839 344 906 S.
358 837 482 908 Mariae
497 835 543 908 de
560 849 792 922 mortc,vere
812 837 901 906 anni
920 836 1021 933 1705,
1039 838 1086 910 de

88 951 221 1022 dolore
239 977 412 1049 querens
439 955 478 1026 iu
509 951 801 1051 hypochondrio
832 953 1019 1025 dextero:
1050 969 1087 1026 ct

89 1093 179 1142 sanc
198 1069 251 1142 ibi
267 1086 411 1159 tumor,
428 1073 612 1168 tangentis
629 1071 759 1142 manui
777 1071 961 1159 renitens,
979 1073 1017 1142 in
1031 1073 1087 1168 je-

90 1188 220 1258 cinore
244 1211 323 1282 esse
345 1187 573 1260 videbatur:
601 1188 731 1286 pulsus
756 1203 880 1259 autem
910 1189 1088 1260 minimus

92 1319 182 1391 erat,
191 1303 483 1394 infirmissimus,
494 1303 831 1402 frequentissimus
842 1306 871 1376 si
889 1305 1088 1401 quisalius,

91 1445 207 1518 quem
222 1423 362 1494 adeam
377 1447 496 1520 usque
508 1423 606 1496 diem
625 1420 874 1494 offendissem.
887 1428 985 1494 Hora
993 1437 1091 1520 post·

92 1565 206 1638 quam
225 1566 270 1614 eo
293 1557 463 1630 venerat,
488 1543 636 1614 circiter
661 1548 813 1638 quarta,
833 1540 1031 1628 stomachi,
1048 1556 1091 1612 ut
1159 1538 1164 1542 ’

91 1659 174 1754 ipse
194 1658 372 1746 vocabat,
391 1659 523 1732 dolore
540 1674 615 1729 tam
633 1658 774 1744 ,acerbo
790 1658 997 1754 prehensus
1014 1674 1091 1745 est,

90 1791 133 1848 ut
146 1801 191 1846 ex
207 1774 312 1848 faciei
326 1775 468 1875 pallore
483 1799 526 1846 ac
537 1776 694 1860 sudore,
712 1773 883 1874 pulsibus
896 1773 1002 1871 quasi
1016 1798 1092 1843 om-

90 1895 185 1964 nino
202 1893 368 1982 abolitis,
387 1895 633 1991 respiratione
650 1908 774 1963 autem
785 1946 794 1977 ,
807 1892 929 1988 qualis
952 1913 1032 1964 esse
1052 1892 1092 1960 in

92 2010 331 2084 moribundis
348 2011 462 2098 solet,
481 2012 558 2106 jam
573 2011 650 2106 jam
668 2009 873 2080 moriturus
891 2008 1090 2082 videretur.

93 2130 219 2202 Evasit
230 2146 368 2218 tamen,
379 2131 619 2225 narravitque
628 2129 716 2200 alias
727 2133 882 2225 quoque
898 2125 1094 2197 consimili·

93 2248 167 2320 bus
179 2248 411 2345 paroxysmis
428 2271 465 2319 se
487 2245 837 2344 fuissccorreptum.
859 2245 990 2317 Pulsus
1005 2245 1097 2316 iute-

95 2389 161 2436 rea
181 2364 226 2434 ad
241 2366 429 2461 priorem,
445 2389 558 2461 quam
578 2365 693 2462 paulo
709 2379 794 2435 ante
810 2363 1094 2459 descripsimuS‚

97 2481 354 2554 conditionem
380 2481 578 2554 redierant.
606 2482 790 2554 Postridie
821 2479 988 2551 medicus
1012 2503 1096 2550 sau-

97 2601 250 2700 guinem
268 2625 288 2670 e
307 2599 462 2670 brachio
482 2600 579 2670 mitti
597 2599 723 2693 jussit,
746 2613 783 2668 et
806 2622 849 2670 ea
873 2596 973 2684 dari,
997 2594 1099 2666 etad

94 2718 218 2814 hepar
237 2717 377 2814 apponi
396 2741 478 2812 quae
497 2715 722 2813 plerumque
742 2717 781 2785 in
808 2713 921 2810 hujus
941 2711 1099 2784 tumori-

97 2836 172 2908 bus
188 2847 475 2906 consueverunt.
494 2834 720 2930 Paucispost
735 2830 886 2917 diebus,
901 2855 988 2902 cum
1003 2831 1101 2900 istu·

97 2977 186 3024 mor
205 2952 383 3049 paulatim
401 2951 630 3037 evanuisset,
643 2973 729 3020 ecce
742 2948 853 3019 dolor
871 2950 910 3016 iu
927 2948 1006 3042 ipsa
1020 2969 1103 3014 cor·

99 3071 159 3142 dis
177 3071 331 3168 regione
343 3092 482 3164 aegrum
496 3067 673 3164 corripit,
700 3089 785 3136 cum
811 3061 978 3160 spirandi
1001 3057 1102 3130 diffi-

101 3188 240 3262 cultate
271 3187 505 3282 conjunctus.
536 3184 691 3280 Sanguis
720 3182 876 3265 iterum,
900 3177 965 3250 sed
991 3201 1103 3276 parce

101 3307 281 3377 mittitur:
301 3306 368 3402 qui
382 3305 501 3390 lente,
518 3325 588 3372 nec
600 3299 782 3384 multum,
796 3297 998 3368 concrevit.
1011 3295 1103 3366 Inde

102 3423 301 3522 respiratio
316 3423 437 3492 miuus
450 3421 643 3517 aliquanto
659 3414 818 3488 difficilis
828 3413 923 3486 facta
940 3431 1012 3502 est,
1025 3414 1106 3512 pul·

105 3567 167 3615 sus
177 3555 302 3612 autern
314 3541 373 3609 vix
382 3539 585 3636 pauxillulo
596 3537 720 3607 minus
730 3535 858 3605 malus.
869 3534 937 3604 Hic
949 3559 1106 3632 propor-

104 3662 210 3730 tione
228 3657 268 3727 in
291 3655 525 3753 temporibus
538 3675 693 3751 quoque
709 3652 855 3735 eadem,
880 3667 958 3723 erat
975 3674 1049 3746 qua
1066 3650 1106 3718 in
1164 3703 1183 3714 .

108 3777 247 3873 carpis,
265 3775 443 3874 parvitate
461 3779 497 3844 e't
515 3772 722 3857 debilitate,
740 3771 801 3839 vix
818 3786 860 3840 ut
876 3769 928 3839 ibi
946 3764 1106 3836 inueniri

109 3907 247 3991 posset.
262 3897 415 3962 Manum
428 3891 474 3960 ad
490 3915 556 3960 cor
568 3889 717 3959 admovi
731 3915 738 3958 :
753 3885 925 3987 pulsabat
934 3881 1107 3975 frequen-

111 4012 162 4081 tia
179 4010 278 4108 pari,
294 4011 331 4079 vi
341 4025 465 4080 tamen
475 4007 668 4080 mediocri.
686 4011 775 4077 Eam
789 4017 916 4076 autem
930 3995 1110 4096 pulsatio·
