2820 4668
271 406 357 494 Ἠῶ
449 437 496 490 ns
513 433 670 490 vcrotous
694 437 741 488 or
763 435 891 488 causis
916 435 1129 488 nonnosum

284 555 492 656 cogitatum
512 554 671 644 addere,
685 553 820 626 eodem
842 549 1053 626 redeuntia.
1070 553 1151 626 Nec
1168 575 1235 626 me
1249 551 1305 632 tu-
1401 599 1402 616 η

285 675 339 776 git
354 674 448 774 quid
471 675 505 747 ei
525 675 689 772 cogitato
706 672 907 746 Haversius
919 669 1197 769 (1)'objecerit;
1214 695 1305 770 pro·

272 791 465 866 ¹bentibus
484 789 534 866 cl.'
555 787 666 882 viris,
684 791 867 862 nimirum
885 813 972 860 cum
992 790 1093 862 inter
1113 790 1308 861 musculo-

268 935 371 992 rum
408 927 575 986 extrema
603 911 870 1008 interponatur
902 905 1123 996 articulus‚'
1143 903 1228 979 fore
1263 924 1307 981 ut

282 1030 447 1106 musculi
462 1027 658 1103 breviores
674 1052 718 1100 os
733 1025 922 1100 trahendo
941 1023 983 1098 in
1002 1025 1110 1125 qnod
1128 1028 1306 1100 inserun-

283 1161 370 1238 tur,
391 1148 473 1246 ejus
493 1147 650 1247 quidem
669 1147 784 1219 situm
803 1157 971 1234 mutent,
999 1159 1042 1216 ut
1065 1144 1219 1235 solent,
1242 1146 1307 1218 sed

283 1290 364 1338 non
381 1261 556 1366 figuram.
578 1269 742 1353 Verum,
757 1278 801 1337 ut
819 1263 890 1336 alia
910 1264 1221 1361 pretermittam,
1242 1263 1308 1336 nbi

272 1381 331 1456 de
347 1383 534 1458 vertebris
548 1399 586 1458 et
603 1385 712 1482 spina
732 1384 877 1482 agitur',
896 1380 1002 1454 velut
1014 1379 1103 1472 hie,
1121 1381 1234 1455 idem
1255 1398 1307 1456 est

271 1499 546 1576 ‘uertebrarum
563 1503 676 1575 situm
691 1525 736 1574 ac
751 1502 869 1602 spine
885 1497 1048 1598 figuram
1064 1515 1234 1574 mutare.
1252 1503 1308 1575 Sie

282 1615 324 1690 in
342 1620 524 1694 musculis
542 1636 623 1696 erat
645 1621 780 1692 vitium
799 1620 840 1690 in
866 1641 1035 1718 proceroe
1052 1632 1209 1700 staturae
1225 1622 1303 1692 viro

168 1783 178 1798 ι
242 1792 246 1802 .
281 1735 379 1812 adeo
393 1739 610 1828 incurvato,
630 1733 928 1835 utKerck'ringii
942 1735 1161 1810 observatio
1178 1753 1307 1811 osten·

154 1937 159 1950 ⁸
283 1853 338 1928 dit
357 1853 548 1956 'quamhic
561 1855 679 1929 habes
693 1857 733 1926 in
748 1853 997 1954 Sepulchreto
1010 1854 1077 1952 (a).
1097 1857 1143 1926 In
1162 1858 1302 1956 quo(3)

271 1971 379 2046 illud
391 1971 549 2076 quoque
564 1976 736 2048 invenies
748 1973 852 2073 quod
867 1971 1024 2072 probes,
1039 1973 1199 2082 rel'sola
1212 1999 1304 2050 mus·
1401 2069 1402 2092 Χ

272 2091 458 2182 culorum
478 2093 582 2168 dorsi
596 2091 854 2166 imbecillitate
872 2089 981 2180 fieri,
1004 2105 1047 2163 ut
1065 2106 1212 2164 matam
1230 2100 1304 2193 spi·

271 2233 334 2279 :na
346 2209 538 2303 curvetur,
556 2209 715 2310 eamque
723 2212 899 2303 sortasse
917 2232 1073 2280 caueam
1087 2231 1171 2281 esse
1188 2235 1304 2283 unam

282 2327 360 2424 qun
377 2355 481 2403 senes
498 2355 626 2404 omnes
634 2310 783 2428 gibbosi
794 2333 968 2400 existant.
987 2329 1090 2418 Quin
1108 2330 1225 2400 etiam
1237 2328 1303 2402 uhi

280 2439 491 2520 diutissime
510 2447 671 2520 musculi
689 2467 839 2520 servare
856 2445 1098 2544 perrexerint
1115 2447 1178 2520 vel
1194 2473 1305 2548 spon·

276 2577 321 2635 te
349 2579 541 2636 curvatam
568 2568 739 2664 spinam3
767 2563 1030 2642 vertebrarum
1062 2589 1226 2665 quoque
1246 2570 1303 2666 ip·

55 2774 58 2781 ¹
179 2737 183 2744 -
282 2679 431 2772 serum,
460 2707 539 2774 non
569 2681 686 2756 modo
722 2683 1006 2780 interjectarum
1029 2683 1298 2784 cartilaginum

279 2796 440 2899 liguram
457 2799 683 2891 mutabunt;
706 2815 878 2874 crescent
900 2802 1002 2874 enirn
1026 2801 1217 2876 vertebrae
1241 2827 1301 2878 se-

279 2917 450 2992 cundum
471 2919 711 2994 altitudinem
728 2917 838 2992 rhea
860 2935 968 3018 parte
993 2941 1067 3018 qua
1084 2937 1307 2994 curvatura
1399 2929 1400 2938 ’

182 3071 186 3078 ·
279 3059 492 3112 convexum
505 3041 597 3128 erit,
618 3037 843 3112 decrescent
860 3052 988 3110 autem
1007 3053 1073 3110 aut
1099 3056 1207 3114 certe
1233 3043 1301 3114 mi·

269 3179 351 3229 nus
367 3155 611 3255 augebuntur
629 3155 677 3230 ab
694 3157 891 3256 opposita,
907 3158 1051 3256 quippe
1062 3157 1104 3230 in
1122 3156 1197 3230 hac
1213 3184 1298 3231 arc·

276 3271 351 3346 t‘ius
363 3274 464 3348 inter
476 3297 515 3350 se
525 3274 761 3348 constricte:
777 3276 817 3346 in
830 3274 910 3364 illa,
925 3274 1296 3370 convexanvidelicet
1398 3339 1399 3358 ,

266 3391 398 3464 multo
420 3393 547 3464 minus
567 3391 684 3465 altera
709 3392 937 3466 adulteram
963 3417 1151 3494 appressae
1175 3419 1295 3493 quam

270 3508 470 3608 requirant
499 3523 642 3582 naturae
667 3509 778 3608 leges.
805 3515 892 3582 Haec
913 3525 1043 3584 autem
1072 3535 1120 3586 eo
1145 3510 1294 3586 facilius

311 3787 357 3869 (ι)
376 3793 530 3870 Osteolog.
542 3809 615 3850 nov.
627 3793 702 3852 dire.
716 3811 749 3868 a,
761 3811 840 3854 vers·
852 3790 903 3851 fin.
1017 3809 1029 3816 ·

307 3887 357 3966 (ι)
376 3892 515 3967 Append.
532 3911 559 3964 1,
573 3891 613 3950 ed
627 3893 692 3950 obs.
708 3913 737 3968 7.

311 3985 519 4064 (3)1nsehot.
535 3991 648 4055 adobe·
664 4011 691 4054 1.
