2800 4674
159 439 228 485 mn.
255 439 296 486 11.
312 437 370 484 DE
396 429 532 484 Monms
556 433 753 496 THORACIS,
778 435 888 482 EPIST.
915 438 1004 484 xx11.
1037 439 1102 513 127

97 551 302 648 inscriptio
324 549 373 624 de
392 549 590 640 afflctibns
606 552 769 644 pectoris
798 548 1004 641 indicabat,
1026 577 1105 628 nnn

97 670 175 740 alia
186 667 292 740 tabes
301 667 429 740 locum
439 664 580 738 habere
590 665 920 764 debuisset,quam
933 694 1015 766 quae
1025 695 1109 744 cau·

100 810 162 861 sas
177 785 324 874 obtinet
342 786 440 856 intra
454 783 666 872 thoracem;
684 786 923 881 nequeenim
941 785 987 858 de
1005 787 1106 876 tabe,

101 919 147 976 ut
161 902 208 974 de
220 902 478 1000 respirationis
487 901 658 988 laesione,
672 901 904 978 censendum
919 917 992 991 est,
1007 931 1107 1000 quae,

74 1065 77 1072 ι
101 1020 337 1117 ubicumque
369 1019 415 1094 sit
438 1019 519 1114 ejus
536 1041 665 1106 causa,
684 1019 765 1116 ipsa
781 1017 936 1115 quidem
960 1043 1109 1119 semper

102 1136 271 1209 thoracis
293 1136 447 1211 evidens
465 1132 614 1208 affectio
641 1149 718 1208 est:
751 1135 782 1206 si
808 1159 899 1232 ergo
923 1135 1000 1210 haec
1026 1164 1109 1235 quae

102 1255 328 1344 dictasunt,
347 1253 550 1327 attenderis
568 1253 761 1341 universa,
781 1251 894 1346 facile
907 1255 1110 1354 intelligeS,

98 1373 208 1473 ¹unde
228 1369 367 1446 factum
380 1373 448 1460 sit,
463 1387 597 1468 utquae
613 1373 811 1446 occasione
827 1373 1109 1469 propositorum

98 1489 332 1568 morborum
347 1491 388 1564 in
407 1489 654 1588 Sepulchreto
673 1489 819 1587 prolata
836 1504 939 1579 sunt,
963 1503 1110 1566 tantum

28 1612 32 1616 ’
103 1609 329 1707 paginarum
350 1632 552 1680 nmnerum
572 1608 850 1704 occupaverint.

157 1727 189 1802 3.
217 1729 294 1799 Nos
312 1741 436 1799 autern
449 1716 599 1814 contra,
619 1741 765 1802 tantum
784 1724 907 1812 abest,
924 1743 966 1798 ut
983 1730 1023 1800 in
1040 1729 1111 1802 hac

105 1844 265 1942 epistola
283 1844 444 1916 velimus
460 1843 530 1913 tibi
544 1843 687 1938 aliquas
702 1841 981 1914 observationes
997 1846 1113 1917 semel

104 1977 222 2060 atque
237 1963 373 2032 iterum
390 1983 564 2046 narrare,
581 1973 644 2032 aut
661 1983 743 2054 quae
754 1957 802 2028 ad
817 1957 1009 2030 thoracem
1023 1986 1113 2059 prae-

107 2080 221 2177 cipue
240 2102 320 2150 non
339 2076 538 2163 attineant,
556 2073 633 2152 huc
650 2075 891 2146 dissectiones
909 2077 1112 2172 conjicere,

104 2219 160 2272 ne
192 2191 310 2266 verbo
340 2191 494 2289 quidem
519 2189 581 2262 hic
606 2191 686 2264 illas
714 2192 1115 2284 commemorabimus,

106 2335 195 2410 quae
209 2311 277 2384 etsi
291 2309 654 2408 quoqueattiueant3
667 2323 793 2382 tamen
806 2309 895 2382 alibi
907 2325 972 2381 aut
985 2310 1114 2384 habui-

107 2453 211 2516 mus,
228 2443 291 2504 aut
312 2426 479 2512 habituri
500 2451 630 2518 sumus
648 2427 885 2500 occasionem
908 2428 1007 2526 ipsas
1025 2457 1114 2528 pro-

105 2544 265 2624 ferendi.
275 2546 377 2635 Quin
390 2540 501 2617 etiam
513 2559 620 2620 crant
630 2542 926 2642 fortassealiquae
935 2545 982 2616 ad
993 2546 1116 2644 phthi-

106 2664 181 2742 sim
203 2664 338 2760 magis.
355 2685 472 2759 quam
491 2660 539 2734 ad
564 2661 920 2759 peripneumoniam
945 2680 1116 2760 spectan-

109 2795 185 2870 tes,
202 2804 296 2879 quas
312 2778 457 2852 duabus
477 2780 657 2875 proximis
679 2780 845 2877 epistolis
865 2804 952 2852 cum
978 2780 1024 2852 de
1045 2782 1116 2854 hae

110 2921 326 2998 ageremus,
346 2895 486 2970 referre
500 2895 681 2994 ad·ipsam
701 2897 909 2969 maluimus.
930 2901 1023 2969 Nam
1049 2902 1118 2972 etsi

109 3014 318 3113 aliquando
335 3029 399 3086 aut
418 3027 545 3110 sputa,
565 3027 629 3084 aut
646 3011 759 3086 febris
773 3013 960 3108 ejusmodi
976 3031 1117 3103 essent,

109 3133 231 3230 magis
244 3147 288 3204 ut
303 3131 446 3230 phthisi
467 3155 581 3228 quam
598 3131 919 3228 peripneumonia
934 3135 1118 3204 conveni·

110 3264 214 3354 rent,
231 3261 296 3324 aut
306 3263 497 3346 repertum
511 3249 550 3322 in
566 3249 748 3345 pulmone
760 3248 892 3322 vitium
907 3272 986 3318 non
1001 3249 1052 3320 ita
1069 3277 1120 3322 re-

45 3405 50 3416 ·
111 3391 203 3446 cens
218 3367 429 3452 videretur3
445 3381 672 3440 tamencum
687 3364 877 3452 Valsalva,
894 3367 961 3462 qui
980 3393 1119 3466 aegros,

110 3498 152 3562 et
172 3484 353 3560 cadavera
377 3487 612 3582 inspexerat,
638 3481 775 3556 diserte
795 3481 1054 3582 adscripserit,
1076 3513 1120 3558 ex

113 3597 428 3702 peripneumonia
452 3627 530 3678 esse
551 3614 743 3688 mortuos,
769 3615 833 3672 aut
860 3626 930 3698 ego
957 3603 1122 3676 thoracis

114 3720 358 3792 incommoda
386 3744 466 3816 quae
491 3732 771 3817 pracesserant,
795 3720 952 3788 omnino
971 3720 1122 3816 ignora-

114 3863 221 3911 rem:
244 3864 326 3937 quae
344 3837 543 3908 novissime
568 3833 741 3924 fuissent,
770 3833 926 3922 scirem;
952 3834 1029 3904 haec
1054 3863 1124 3935 po-

108 3958 207 4042 tius,
233 3971 270 4027 et
287 3953 512 4027 sententiam
537 3952 635 4022 illius
650 3966 822 4036 secutus,
844 3974 890 4022 eo
915 3951 1029 4022 retnii
1047 3977 1123 4050 quo
