2800 4674
303 439 369 522 140
462 455 509 500 nn
536 453 681 501 sumnus
705 455 750 499 rr
775 453 898 502 caus1s
923 439 1131 503 uonnonuu
1176 487 1180 494 .

297 570 390 642 adeo
415 548 634 666 sanguihem
657 565 1083 656 haberent,hic·autem
1108 569 1308 643 secundus

296 689 407 760 etiarn
424 687 560 782 magis,
575 701 710 756 utnon
721 685 837 756 modo
846 687 1095 785 empyem'ate,
1110 688 1306 760 sedetiam

295 805 467 902 hydrope
479 787 668 875 laboraret
685 831 692 873 :
709 806 774 901 qui
784 804 991 877 morbusln
1003 808 1130 904 priore
1145 831 1303 904 quoque

295 925 396 1010 vire,
417 947 462 991 ex
491 937 595 1019 parte
619 920 743 1019 aliqua
761 919 915 994 fortasse
945 948 1030 994 cum
1064 939 1305 1022 empyemate

296 1041 543 1134 conjunctus,
562 1063 709 1112 causam
730 1040 947 1137 praebuerit,
972 1055 1015 1112 ut
1038 1040 1302 1138 deprehensus
1355 1059 1359 1074 ·

198 1209 199 1214 1
296 1155 1302 1256 inthoracehumor,serosusmagisappareret,quam

296 1273 534 1372 purulentus.
556 1275 627 1347 Sed
646 1277 685 1345 in
704 1275 779 1346 hoc
799 1276 920 1347 altero
938 1301 1023 1346 cum
1041 1275 1228 1372 hydropis
1246 1278 1301 1346 vis

296 1407 401 1462 tanto
419 1395 539 1489 major
555 1391 667 1466 luerit
686 1396 726 1464 in
741 1394 891 1491 reliquo
909 1419 1089 1492 corpore3
1104 1385 1197 1464 num
1211 1393 1301 1500 inde

292 1507 432 1580 factum
451 1509 639 1601 dicemus,
655 1527 697 1584 ut
716 1515 887 1609 quamvis
904 1513 952 1583 ad
972 1525 1123 1582 caeteros
1143 1511 1300 1582 morbos

295 1652 393 1698 nova
422 1627 649 1725 pulmonum
678 1629 922 1701 inflammatio
947 1629 1180 1716 accessisset,
1209 1629 1300 1700 levis

293 1761 424 1823 tamen,
433 1763 628 1844 appareret
647 1745 761 1819 febris
779 1749 793 1818 ?
809 1770 857 1818 an
880 1747 978 1818 hauc
991 1746 1111 1818 levem
1129 1745 1219 1816 ideo
1235 1770 1298 1843 ap·

294 1867 481 1961 paruisse,
497 1865 601 1963 quod
624 1865 898 1963 pericardium,
923 1863 1177 1962 Malpighiana
1194 1880 1298 1962 pate-

294 1980 388 2056 facta
409 1999 597 2056 structura
611 1985 786 2069 crassius,
807 1999 844 2056 et
863 1981 972 2060 cordi
984 1982 1154 2079 undique
1170 1983 1298 2052 arctis-

296 2099 387 2172 sime
400 2102 616 2186 adhaerens,
635 2103 769 2196 majori
778 2101 893 2197 hujus
907 2099 1072 2171 obstaret
1082 2097 1298 2200 agitationi?

256 2219 271 2262 ·’
293 2221 475 2290 Caeterum
492 2218 574 2289 lues
585 2243 743 2290 venerea
763 2245 845 2316 quae
861 2221 1025 2318 primum
1041 2215 1181 2288 fecerat
1195 2216 1297 2287 hunc

292 2335 416 2406 virum
434 2335 599 2408 thoracis
614 2333 809 2408 affectibus
824 2336 1052 2425 obnoxium,
1074 2335 1297 2433 pulmonem

294 2452 559 2550 procliviorem
576 2453 725 2526 videtur
744 2455 791 2526 ad
807 2459 1091 2554 corruptionem
1104 2453 1209 2524 hanc.
1221 2468 1297 2524 tan-

294 2583 372 2640 tam
398 2569 615 2644 reddidisse.
645 2576 752 2644 Certe
779 2571 826 2643 ad
849 2573 950 2644 luem
979 2573 1081 2643 illam
1104 2595 1186 2642 non
1213 2594 1296 2640 raro

292 2685 476 2784 phthisim
492 2690 643 2761 tandem
665 2716 702 2762 se
721 2690 943 2789 adjungere,
961 2706 1042 2760 tum
1059 2687 1295 2776 medicinam,

293 2819 374 2875 tum
385 2822 586 2889 anatomen
598 2824 813 2882 exercentes
824 2835 903 2879 non
915 2809 1102 2906 ignorant.
1118 2807 1162 2876 Id
1174 2819 1296 2903 potest

292 2923 430 3022 scripta
449 2925 495 2996 ad
514 2941 551 2996 te
564 2925 651 2998 alias
670 2925 723 3022 (ι)
739 2927 811 2998 viri
828 2928 944 2999 sectio
957 2926 1140 3012 indicare,
1161 2925 1202 2994 in
1222 2913 1307 3021 qno

293 3042 405 3114 simul
416 3043 591 3140 genitalia
603 3020 763 3142 pessime
776 3041 927 3134 aflecta,
944 3059 981 3116 ct
995 3043 1219 3142 pulmonem
1232 3065 1294 3139 pu·

178 3169 180 3177 ’
289 3151 820 3259 rulentumdeprehendimus.
831 3162 903 3234 Sed
916 3177 953 3234 et
969 3161 1137 3233 mulieris
1148 3159 1200 3230 ob
1212 3159 1294 3230 stul·

290 3278 408 3350 titiam
425 3283 617 3376 uagantiS,
639 3305 761 3378 eoque
776 3281 902 3352 minus
922 3279 993 3352 sibi
1011 3279 1059 3350 ab
1074 3278 1293 3374 inquinatis·

276 3396 383 3469 ,sima
406 3397 519 3494 plebe
548 3399 731 3486 caventis,
759 3423 845 3469 eum
871 3395 1067 3486 cerebrum
1093 3393 1292 3470 dissecare·

290 3538 373 3588 mus
397 3512 472 3610 (2);
493 3537 631 3611 corpus
646 3514 811 3587 vidimus
824 3515 901 3610 jam
920 3515 1037 3584 macie
1056 3509 1292 3598 confecttrm;

290 3633 511 3729 pulmonem
531 3646 654 3704 autem
674 3658 809 3731 magna
825 3658 872 3704 ex
886 3647 992 3730 parte
1011 3629 1192 3702 refertum
1200 3623 1291 3728 p‘ure

328 3901 373 3978 (ι)
393 3903 485 3977 Epist.
504 3923 556 3975 17,
570 3925 600 3960 n.
618 3903 665 3962 αδ.

327 4001 370 4080 (a)
391 4003 484 4076 Epist.
505 4005 540 4074 8,
554 4023 584 4060 n.
600 4024 629 4079 9.
